2317 3387
1182 248 1385 278 -16—

474 351 477 354 -
515 332 562 363 Ad
585 332 718 363 rariores
741 331 896 372 Japoniae
918 332 1063 364 cochleas
1088 333 1156 364 sinc
1181 332 1278 364 dubio
1313 333 1463 373 pertinet,
1494 343 1565 363 cum
1602 332 1760 364 rarissime
1792 334 1972 365 inveniatur
2007 335 2040 366 in
2074 335 2204 367 Mollus*

358 397 467 418 corum
490 387 739 419 collectionibus.

702 476 953 518 Siphonalia
979 477 1398 508 cassidariaeformis
1423 477 1565 509 Reeve
1591 476 1851 517 (Buccinum).

566 536 662 562 Conch.
689 536 756 562 icon.
785 535 835 561 vol.
854 536 878 562 3.
907 535 1052 562 Buccinum
1081 543 1150 569 spec.
1171 536 1209 560 ll.
1247 535 1382 561 Lischke
1408 536 1467 570 Jap.
1498 537 1532 562 M.
1554 536 1649 562 Conch.
1669 536 1719 562 vol.
1741 537 1761 562 l.
1789 544 1850 571 pag.
1871 537 1912 563 38.
1942 537 2006 563 Tab.
2035 539 2058 564 4.
2088 539 2204 572 exceptis

616 579 735 605 iconibus
754 579 778 604 3.
797 579 820 604 4.
840 579 865 604 5.

513 632 649 664 Cochlea
681 631 784 663 colore
818 633 849 662 et
884 631 1008 671 pictura
1042 629 1269 670 pervariabilis.
1315 629 1499 670 Specimina
1533 642 1615 671 quae
1648 633 1778 662 exstant
1812 631 1960 672 pleraque
1984 632 2106 664 minora
2130 636 2205 664 sunt

359 700 461 729 neque
484 688 602 720 adulta.
650 687 730 719 Clas.
754 687 891 718 Lischkc
914 686 1083 717 varietates
1107 685 1277 717 nonnullas
1300 686 1419 726 optime
1443 686 1597 727 depinxit,
1621 687 1678 718 sed
1701 687 1877 718 notandum
1911 689 1967 726 est,
2002 688 2108 720 icones
2131 688 2160 725 3,
2185 688 2204 719 4

359 747 390 776 et
413 745 433 776 5
457 745 496 776 ad
519 744 664 785 speciem,
689 754 770 784 quae
786 743 939 783 sequitur,
958 741 1122 782 pertinere.
1168 741 1241 773 Icon
1259 741 1426 773 Reeveana
1449 742 1617 783 desumpta
1639 745 1688 774 est
1705 754 1724 774 a
1740 743 1911 783 specimine
1927 744 2077 784 giganteo
2093 743 2206 776 habitu

359 800 465 841 paullo
490 800 696 840 discrepante.

938 874 1204 915 Siphonalia
1226 876 1372 905 ornata
1395 874 1430 904 A.
1457 874 1621 907 Adams.

563 935 580 961 l.
600 935 616 961 1.
635 943 696 969 pag.
715 935 773 960 204.
810 933 948 960 Lischke
966 933 1027 967 Jap.
1046 933 1081 959 M.
1101 933 1198 959 Coneli.
1217 933 1266 959 vol.
1293 934 1314 958 l.
1334 931 1398 958 Tab.
1417 933 1440 958 4.
1460 933 1505 966 fig.
1525 933 1550 958 3.
1568 934 1593 958 4.
1613 934 1635 959 5.

515 997 625 1028 Plures
648 999 750 1028 testae
770 995 927 1037 juveniles
950 996 982 1026 et
1005 994 1134 1026 adultae
1158 996 1296 1026 exstant.

666 1090 917 1132 Siphonalia
940 1089 1168 1120 hinnulus
1192 1090 1228 1120 A.
1252 1089 1396 1120 Adams
1420 1090 1455 1119 et
1480 1088 1606 1119 Reeve
1630 1088 1889 1128 (Buccinum).

565 1155 634 1181 Zool.
655 1155 682 1180 of
698 1154 744 1180 the
765 1154 828 1188 Voy.
848 1154 877 1180 of
892 1154 926 1179 H.
946 1154 980 1179 M.
1001 1154 1026 1179 S.
1046 1153 1197 1185 Samarang
1216 1153 1288 1178 Moll.
1308 1160 1369 1186 pag.
1388 1151 1430 1177 32.
1449 1151 1513 1177 Tab.
1534 1152 1557 1177 7.
1576 1151 1622 1185 fig.
1643 1152 1682 1179 10.
1701 1160 1726 1177 a.
1745 1151 1770 1178 b.

508 1212 604 1243 Plura
627 1211 802 1252 specimina
822 1211 949 1252 juniora
973 1212 1003 1242 et
1027 1221 1126 1241 unum
1151 1209 1306 1246 adultum,
1330 1208 1409 1240 satis
1433 1208 1657 1239 convenientia
1680 1219 1750 1239 cum
1774 1208 1918 1239 iconibus
1942 1219 2037 1249 supra
2059 1209 2206 1240 laudatis.

509 1268 594 1299 Haec
617 1268 738 1308 species
761 1268 928 1308 sculptura
960 1266 1126 1297 subtiliore
1162 1267 1194 1297 et
1227 1265 1369 1305 picturae
1404 1263 1510 1295 indole
1533 1274 1551 1295 a
1575 1263 1764 1305 Siphonalia
1798 1263 2082 1296 cassidariaeformi
2117 1263 2209 1296 facile

357 1324 514 1364 distingui
537 1326 650 1365 potest.
698 1324 845 1355 Fortasse
867 1324 919 1363 fig.
947 1323 962 1353 1
986 1322 1018 1353 in
1042 1321 1192 1353 Lischkei
1214 1321 1292 1353 Tab.
1315 1321 1336 1351 4
1359 1320 1420 1351 huc
1443 1320 1592 1361 pertinet.

769 1417 1051 1459 Siphonalia
1085 1415 1304 1457 spadicea
1338 1415 1481 1446 Reeve
1517 1413 1787 1454 (Buccinum).

564 1481 738 1506 Buccinuni
759 1480 906 1506 fusoidcs
927 1481 1029 1506 lteeve
1049 1479 1148 1505 conch.
1168 1479 1233 1504 icon.
1253 1478 1303 1503 vol.
1323 1478 1347 1504 3.
1368 1477 1431 1504 Tab.
1452 1478 1475 1503 9.
1494 1478 1539 1510 fig.
1559 1478 1599 1504 64.
1623 1477 1821 1511 Siphonalia
1846 1475 2002 1511 spadicea
2021 1477 2052 1502 A.
2071 1476 2119 1503 Ad.
2141 1477 2208 1502 Anu.

615 1527 642 1550 et
662 1525 733 1558 Mag.
752 1524 817 1551 Nat.
837 1524 907 1550 Hist.
932 1524 1004 1549 1863.
1025 1522 1075 1548 vol.
1096 1523 1135 1548 ll.
1155 1530 1216 1556 pag.
1236 1521 1293 1547 ⁴203.
1315 1521 1419 1546 Smith
1438 1521 1512 1547 l'roc.
1534 1521 1604 1546 Zool.
1625 1521 1681 1546 Soc.
1702 1520 1775 1546 1879.
1795 1528 1857 1554 pag.
1875 1519 1932 1546 205.
1954 1519 2017 1546 Tab.
2037 1520 2078 1545 2¹).
2099 1520 2144 1553 fig.
2165 1520 2206 1547 38.

505 1588 589 1618 Haec
613 1587 732 1627 species
755 1597 774 1616 a
797 1585 986 1625 Siphonalia
1009 1582 1293 1615 cassidariaeformi
1319 1584 1444 1613 statura
1465 1582 1642 1622 graciliore,
1667 1581 1764 1612 costis
1781 1582 1970 1613 transversis
1989 1581 2208 1613 subtilioribus

358 1645 512 1686 plicisque
548 1642 757 1674 tuberculatis
782 1642 835 1672 vix
859 1641 1008 1672 indicatis
1044 1639 1228 1681 praesertim
1264 1638 1378 1669 differt.
1425 1637 1592 1678 Specimen
1617 1637 1708 1668 adest
1739 1637 1964 1676 decoloratum,
1988 1637 2072 1678 quod
2107 1640 2209 1669 rostro

357 1703 483 1732 tantum
508 1699 601 1740 paulo
629 1698 771 1729 curviore
795 1697 834 1728 ab
860 1697 949 1728 icone
974 1697 1140 1727 Reeveana
1164 1695 1330 1735 discrepat.
1377 1693 1534 1725 Fusorum
1557 1693 1757 1734 quorundam
1781 1693 1927 1725 habitum
1951 1693 2054 1725 refert.

894 1790 1180 1832 Siphonalia
1214 1789 1528 1830 longirostris
1562 1788 1622 1820 Dk
1640 1799 1662 1819 r.

1079 1853 1143 1879 Tab.
1164 1855 1256 1879 nostra
1278 1853 1298 1879 1.
1318 1852 1361 1886 fig.
1386 1852 1422 1877 13.
1444 1852 1482 1878 14.

505 1909 600 1940 Testa
623 1908 759 1939 solidula
783 1907 967 1945 fusiformis,
992 1906 1118 1943 flavida,
1142 1905 1340 1937 anfractibus
1363 1905 1489 1936 octonis
1512 1904 1694 1935 rotundatis
1717 1904 1923 1934 transversim
1939 1903 2212 1944 inaequaliterque

357 1966 499 2003 costatis,
532 1976 586 2006 per
608 1963 840 2004 longitudinem
865 1963 986 1994 striatis
1009 1962 1216 2002 obsoletoque
1240 1961 1365 2002 plicatis
1390 1961 1565 1999 instructa3
1589 1971 1670 2001 apex
1694 1959 1961 2000 submamillaris;
1984 1962 2132 1999 apertura
2155 1959 2212 1990 ob-

357 2023 451 2062 longa
466 2033 472 2059 3
496 2021 618 2052 labrum
642 2020 915 2051 subincrassatuin
933 2019 1020 2049 intus
1038 2018 1213 2056 sulcatum;
1238 2020 1375 2049 rostrum
1393 2017 1523 2056 longum
1540 2027 1720 2054 recurvum;
1745 2015 1864 2046 canalis
1881 2014 2056 2055 profundus
2072 2018 2209 2055 apertus.

511 2076 677 2117 Specinwn
702 2075 785 2116 quod
809 2077 915 2105 exstat
950 2074 1079 2105 unicum
1103 2075 1144 2105 60
1168 2073 1242 2104 mill.
1268 2073 1408 2113 longum,
1433 2072 1465 2103 in
1491 2072 1593 2103 medio
1617 2072 1762 2102 anfractu
1797 2071 1910 2102 ultimo
1934 2070 1974 2101 28
1998 2071 2074 2101 mill.
2099 2071 2209 2109 latum,

358 2133 440 2164 inter
462 2143 572 2163 omnes
595 2131 802 2172 Siphonalias
819 2131 858 2161 ad
876 2130 935 2162 hoc
957 2132 1084 2170 tempus
1103 2131 1196 2161 notas
1218 2131 1321 2160 rostro
1346 2128 1532 2169 resupinato
1557 2128 1706 2168 perlongo
1732 2127 1867 2158 excellit.
1915 2126 2009 2157 Testa
2027 2126 2094 2166 ejus
2111 2127 2212 2158 solida

358 2188 499 2220 unicolor
523 2187 637 2218 flavida
662 2187 822 2227 costisque
845 2186 992 2226 angustis
1026 2185 1259 2226 inaequalibus,
1285 2196 1324 2216 ex
1347 2186 1437 2225 parte
1462 2184 1664 2215 filiformibus
1689 2183 1793 2214 cincta
1817 2184 1875 2221 est,
1899 2193 1981 2223 quae
2003 2182 2089 2213 striis
2112 2182 2212 2214 incre-

357 2244 457 2275 menti
480 2243 769 2284 longitudimilibus¹
793 2242 1013 2274 decussantur.
1060 2241 1202 2282 Vestigia
1224 2240 1430 2282 epidermidis
1453 2251 1587 2271 corneae
1604 2239 1636 2270 in
1654 2239 1713 2271 hoc
1736 2238 1908 2280 specimine
1931 2238 2048 2279 passim
2072 2238 2213 2279 conspici

357 2302 501 2340 possunt.

512 2355 597 2387 Mare
620 2355 820 2395 Japonicuni.
867 2353 979 2384 Certus
1003 2352 1091 2384 locus
1118 2353 1235 2384 natalis
1259 2353 1390 2393 ignotus
1414 2353 1471 2383 est.

767 2435 1047 2476 Siphonalia
1080 2434 1329 2465 trochulus
1365 2434 1508 2464 Reeve
1543 2432 1797 2473 (Buccillum).

566 2499 662 2526 Conch.
683 2499 749 2525 icon.
770 2499 820 2525 vol.
840 2499 863 2525 3.
884 2499 1063 2524 Buccinum
1082 2506 1150 2532 spec.
1172 2499 1193 2524 Τ.

522 2556 616 2587 Plura
639 2557 812 2596 sps—cimina
836 2556 945 2586 adulta
969 2557 1107 2586 exstant.

521 2612 616 2643 Testa
642 2612 902 2652 oblongo-ovata,
927 2622 1042 2650 crassa,
1066 2610 1263 2642 anfractibus
1286 2609 1466 2641 rotundatis
1489 2609 1694 2639 transversim
1713 2609 1872 2648 denseque
1895 2605 2070 2643 costulatis,
2094 2606 2215 2646 apicem

359 2679 467 2699 vorsus
490 2668 689 2709 longitudino
712 2668 838 2708 plicatis
861 2668 1030 2705 instructam
1066 2666 1151 2698 color
1175 2666 1264 2698 fundi
1299 2666 1421 2697 cinereo
1457 2665 1573 2702 fuscus,
1610 2665 1740 2696 costulis
1774 2663 1855 2695 albis·
1880 2661 2074 2694 distantibus
2112 2661 2212 2692 varie-
