2379 3382
923 283 1155 314 -201—

625 366 808 398 Callisto.
839 367 1035 407 squalida
1065 368 1162 399 Sow.
1196 369 1438 410 (Cytherea).

313 434 389 460 Proc.
409 433 478 459 Zool.
499 434 555 460 Soc.
578 434 651 460 1835.
671 442 733 468 pag.
752 434 793 460 23.
832 433 908 460 Thes.
929 434 1026 461 Conch.
1047 436 1096 462 vol.
1117 435 1140 462 2.
1160 444 1221 469 pag.
1243 436 1299 463 629.
1320 437 1384 464 Tab.
1407 439 1461 465 131.
1482 441 1526 472 fig.
1547 440 1656 466 87-89.

262 493 456 525 Schrenckio
486 496 569 525 teste
599 494 678 525 haec
709 495 838 535 species,
870 505 910 525 ex
943 495 1086 527 Amerina
1120 497 1252 528 centrali
1286 499 1365 528 satis
1397 502 1483 537 nota,
1517 500 1612 530 etiam
1637 501 1667 531 in
1692 502 1771 531 mari
1804 501 1959 542 Japonieo

106 550 349 590 septentrionali
373 549 544 580 invenitur.
591 548 654 580 Cfr.
679 549 794 580 Reisen
818 550 861 580 im
885 550 1004 581 Amurl.
1028 550 1114 582 Moll.
1139 562 1209 592 pag.
1234 552 1307 583 538.

630 633 813 665 Callista
844 645 1031 674 pannosa
1061 634 1160 666 Sow.
1193 635 1435 676 (Cytherea).

312 701 386 726 Proc.
406 700 476 726 Zool.
497 701 553 727 Soc.
576 700 648 726 1835.
669 708 729 733 pag.
749 700 790 726 47.
827 700 904 726 Thes.
925 700 1022 727 Conch.
1043 701 1092 727 vol.
1112 701 1135 727 2.
1156 710 1216 735 pag.
1236 703 1294 728 635.
1314 702 1378 729 Tab.
1401 704 1455 729 133.
1471 706 1514 733 fig,
1535 705 1675 731 140—14‘2.
1696 716 1729 728 ε
1749 689 1844 740 ςγῐ-Ιι
1865 707 1958 732 lutea

365 743 464 768 Koch.
503 742 674 768 Schrenck
694 743 710 768 l.
731 750 750 769 c.
771 750 832 776 pag.
853 743 910 769 543.

260 803 345 834 Haeo
368 803 490 843 species
512 805 609 834 antea
632 814 648 833 e
670 803 763 834 litore
786 802 928 834 Chilensi
952 806 984 834 et
1007 803 1151 834 Peruano
1175 806 1303 835 tantum
1328 807 1405 836 nota
1428 817 1447 836 a
1471 806 1543 836 clar.
1569 807 1607 837 de
1629 807 1813 839 Nol-dmann
1842 809 1959 848 pariter

104 858 137 888 in
160 857 298 898 Japonia
321 858 564 898 septentrionali
589 858 715 888 det-ecta
739 860 796 888 est.

643 942 826 974 Callista
857 942 1014 973 inflata
1044 941 1142 974 Sow.
1175 943 1416 984 (Cytherea).

311 1008 388 1034 Thes.
409 1008 506 1035 Conch.
527 1008 594 1035 Tab.
616 1009 672 1036 133.
692 1009 736 1042 fig.
758 1009 814 1035 127.
838 1008 892 1035 128.

258 1068 425 1109 Speeimen
451 1071 558 1101 exstat
581 1070 666 1110 quod
689 1070 854 1111 expalluit.

626 1154 808 1186 Callista
839 1154 1035 1186 indecora
1065 1154 1167 1185 Phil.
1201 1154 1444 1196 (Cytherea).

310 1221 376 1247 Abb.
397 1230 420 1248 u.
442 1221 548 1248 Beschr.
569 1222 618 1248 vol.
638 1221 661 1247 3.
682 1229 742 1255 pag.
763 1222 802 1247 74.
823 1221 886 1247 Tab.
907 1221 930 1247 9.
949 1221 994 1254 fig.
1014 1222 1036 1247 7.
1074 1221 1150 1247 Sow.
1176 1221 1253 1248 Thes.
1281 1222 1377 1249 Conch.
1398 1223 1447 1249 vol.
1468 1225 1490 1250 2,
1512 1232 1572 1257 pag.
1593 1226 1651 1251 6:34.
1672 1225 1736 1252 Tab.
1760 1227 1814 1253 136.
1835 1228 1879 1260 fig.
1901 1228 1956 1255 179.

258 1283 327 1314 Duo
351 1282 526 1323 specimina
545 1282 674 1322 juniora
705 1283 822 1313 adsunt
847 1284 932 1313 certe
955 1283 995 1314 ad
1018 1282 1101 1313 hane
1125 1283 1261 1323 speciem
1286 1283 1365 1314 bene
1388 1285 1593 1316 terminatam
1627 1287 1828 1326 pertinentia.
1876 1288 1957 1320 Clar.

102 1339 241 1379 Philippi
265 1349 332 1369 eam
357 1349 428 1369 cum
453 1337 585 1369 Callista
608 1338 679 1368 rudi
703 1337 784 1369 Polii
809 1338 871 1378 (vel
895 1337 1050 1378 Cytherea
1072 1338 1247 1369 Venetiana
1271 1339 1463 1379 Lamarckii)
1485 1340 1549 1380 jam
1575 1343 1769 1382 comparavit
1793 1354 1874 1383 quae
1897 1344 1959 1384 ipsi

102 1396 151 1425 est
174 1393 343 1425 simillima.

257 1449 338 1480 Clar.
365 1449 483 1480 Adams
513 1449 595 1480 inter
625 1448 775 1479 Callistas
805 1448 978 1488 Japonicas
1001 1450 1034 1479 et
1060 1448 1231 1488 „Venerem
1262 1450 1310 1480 vel
1343 1449 1549 1490 Cytheream“
1583 1452 1845 1484 tellinaeformem
1877 1453 1956 1485 Phil.

101 1505 201 1544 ipsius
224 1504 376 1546 Philippii
399 1504 591 1535 auctoritate
615 1515 721 1535 errans
746 1503 952 1541 enumeravit,
977 1514 1050 1534 nam
1075 1503 1233 1545 Philippio
1258 1506 1361 1545 patria
1385 1506 1452 1545 ejus
1476 1516 1604 1545 prorsus
1628 1507 1738 1547 ignota
1761 1511 1837 1539 erat.

810 1623 936 1656 Genus
959 1621 1118 1656 Sunetta
1141 1621 1250 1656 Link.

591 1700 769 1731 Sunetta
800 1702 1006 1731 excavata
1035 1700 1194 1741 Hanley
1225 1699 1466 1741 (Cytherea).

308 1769 382 1794 Proc.
407 1767 477 1793 Zool.
503 1767 560 1793 Soc.
588 1767 660 1793 1842.
686 1775 747 1800 pag.
778 1767 834 1794 123.
871 1767 913 1793 Ill.
941 1766 999 1793 Cat.
1020 1768 1048 1792 of
1064 1775 1114 1794 rec.
1141 1767 1228 1793 Shells
1253 1776 1315 1801 pag.
1342 1768 1398 1794 lO‘J'.
1419 1767 1483 1794 Tab.
1507 1769 1543 1794 15.
1562 1769 1606 1802 fig.
1630 1769 1667 1795 19.
1706 1770 1838 1796 Cuneus
1864 1779 1957 1797 exca-

360 1812 461 1836 vatus
490 1809 585 1836 Desh.
631 1810 740 1835 Meroe
769 1812 939 1835 excavata
968 1810 1044 1835 Sow.
1073 1810 1149 1836 Thes.
1176 1809 1240 1836 Tab.
1269 1810 1324 1836 126.
1351 1810 1394 1841 fig.
1423 1811 1460 1837 13.
1490 1812 1527 1837 14.
1547 1822 1580 1834 z
1600 1811 1694 1845 Cyth.
1724 1814 1957 1839 menstrualis

358 1852 510 1886 Menke*)
529 1863 564 1875 =
583 1853 695 1878 Meroe
714 1852 905 1885 magnifica
924 1852 1039 1878 Reeve.

255 1913 352 1944 Plura
375 1913 550 1954 specimina
583 1915 713 1944 exstant
744 1912 870 1953 juniora
894 1914 926 1943 et
949 1912 1068 1950 adulta⁷
1102 1923 1199 1943 unum
1235 1914 1421 1953 giganteum
1445 1914 1486 1944 75
1510 1914 1585 1945 mill.
1617 1915 1756 1955 longum,
1780 1916 1823 1947 60
1845 1917 1955 1948 altum.

100 1969 185 2000 Haec
216 1969 336 2010 species
359 1979 415 2009 pro
439 1970 544 2000 aetate
567 1968 646 1999 satis
670 1968 771 1999 variat
807 1968 948 1999 ambitu:
984 1967 1144 1999 interdum
1169 1971 1217 1999 est
1240 1969 1458 2009 subquadrata
1490 1969 1623 2009 ideoque
1654 1972 1798 2012 suspicor
1829 1971 1956 2004 Meroen

99 2024 351 2065 subquadratam
375 2024 459 2055 Sow.
483 2024 503 2055 l.
528 2036 553 2055 c.
577 2025 629 2064 fig.
654 2025 682 2054 9.
707 2024 895 2055 varietatem
925 2024 1021 2055 huius
1049 2023 1189 2055 conchae
1220 2024 1393 2063 juvenilem
1418 2036 1494 2055 esse.
1542 2025 1732 2066 Plerumque
1766 2027 1957 2068 epidermide.

99 2079 188 2111 fusca
212 2081 301 2111 tenui
326 2079 487 2111 denudata
511 2082 568 2111 est.

255 2135 439 2176 Synonyma
469 2135 565 2166 huius
588 2134 728 2166 conchae
751 2134 790 2165 ad
816 2134 877 2165 hoc
899 2136 1026 2175 tempus
1049 2145 1088 2165 ex
1111 2134 1249 2175 Japonia
1282 2136 1409 2165 tantum
1444 2138 1548 2173 notae,
1586 2136 1664 2167 bene
1697 2137 1846 2176 exposuit
1882 2138 1954 2169 clar.

74 2222 77 2224 ,
99 2189 235 2221 Lisohke
259 2191 290 2221 in
313 2190 384 2230 Jap.
408 2190 450 2221 M.
475 2190 594 2221 Conch.
619 2190 679 2221 vol.
705 2189 734 2220 2.
758 2200 829 2230 pag.
857 2190 926 2220 110.

761 2309 887 2342 Grenus
910 2307 1019 2343 Circe
1042 2307 1303 2343 Schumaoher.

709 2385 828 2417 Circe
858 2387 1024 2428 scripta
1053 2387 1137 2418 Lin.
1170 2386 1341 2428 (Venus).

303 2453 370 2478 Mus.
390 2451 455 2479 Lud.
476 2452 531 2479 Ulr.
552 2452 617 2486 Reg.
637 2461 698 2487 pag.
719 2454 775 2480 507.
795 2454 869 2479 testa
888 2453 1035 2480 lentiformi
1060 2462 1210 2488 compressa
1235 2454 1335 2480 striata
1360 2455 1461 2487 postico
1485 2454 1584 2488 angulo
1603 2457 1676 2481 recto
1703 2455 1843 2488 angulata.
1882 2456 1952 2489 Syst.

356 2494 419 2521 Nat.
444 2494 484 2522 ed.
506 2496 545 2522 10.
571 2503 631 2529 pag.
657 2496 714 2522 689.
741 2495 783 2523 ed.
805 2496 843 2522 12.
871 2504 931 2530 pag.
961 2497 1034 2523 1135.
1073 2497 1233 2531 Rumphii
1263 2497 1329 2523 Mus.
1359 2496 1423 2522 '·1'ab.
1449 2497 1489 2523 43.
1516 2498 1559 2531 fig.
1586 2498 1613 2524 (¹.
1652 2498 1775 2524 Phania
1806 2498 1955 2525 literata

252 2622 278 2656 *)
298 2623 370 2648 Haec
389 2623 496 2656 aliaque
514 2624 622 2649 nomina
641 2624 771 2650 obscoena
790 2626 818 2650 et
837 2624 938 2657 odiosa,
957 2633 1025 2658 quae
1049 2625 1192 2651 maximam
1217 2627 1322 2659 partem
1341 2634 1371 2651 ex
1387 2627 1479 2652 aetate
1499 2626 1654 2652 Linnaeana
1678 2626 1809 2658 originem
1842 2627 1963 2659 ducunt,-

96 2673 156 2690 πιθα
177 2665 302 2698 opinione
322 2673 335 2690 e
353 2666 466 2691 scientia
486 2666 714 2700 conchyliologica
733 2668 842 2693 nostrae
860 2668 961 2694 aetatis
980 2676 1087 2702 prorsus
1107 2668 1261 2702 expellenda
1281 2671 1350 2695 suni.

173 2720 293 2751 Dunker‚
311 2720 384 2746 Mon.
404 2720 463 2754 Jap.
484 2729 549 2747 mar.
1655 2717 1696 2747 26
