2317 3387
1152 235 1387 267 —278—

346 323 466 354 Fusus
496 321 641 362 pagoda
668 321 765 352 Less.
793 322 840 353 13.

346 378 449 410 Fusus
472 378 638 418 perplexus
663 378 697 408 A.
724 376 780 408 Ad.
807 377 854 407 12.

346 433 448 465 Fusus
472 433 636 473 plumbeus
658 432 739 463 Phil.
763 432 812 463 20.

346 489 449 520 Fusus
473 491 609 520 serratus
633 487 725 519 Desh.
753 487 800 518 13.

346 544 464 576 Fusus
493 544 656 584 simplex
684 543 813 574 Smith.
845 543 892 573 13.

346 600 469 631 Fusus
497 602 688 640 spectrum
716 598 778 629 Ad.
807 600 844 629 (εἰ
871 598 954 628 Rve.
987 598 1034 628 12.

346 655 448 686 Fusus
471 655 705 686 submuricatus
729 653 898 685 Schrenck.
921 653 950 684 8.
975 653 1047 685 255.

346 711 467 742 Fusus
493 711 697 742 tuberosus
724 709 808 741 Rve.
841 709 886 740 12.

346 766 448 797 Fusus
472 766 625 797 viridulus
649 766 723 796 Dkr.
751 766 797 796 19.

345 822 560 853 Galeomma
587 821 813 862 Japonicum
842 821 876 851 A.
909 820 969 850 Ad.
996 820 1065 850 219.

345 877 504 909 Gallinula
526 877 642 909 vittata
664 877 699 908 A.
724 876 781 908 Ad.
805 876 854 908 95.

344 934 534 965 Gastrana
560 933 808 964 Yantaiensis
837 932 973 963 Crosse
1002 934 1036 963 et
1068 931 1152 962 Deb.

412 990 480 1021 193.

345 1045 627 1076 Gastroehaena
655 1044 809 1085 grandis
837 1042 943 1074 Desh.
974 1044 1044 1073 171.

345 1101 627 1133 Gastrochaena
656 1100 790 1131 inumia
818 1098 968 1140 Spengl.
995 1099 1064 1129 171.
1089 1098 1162 1129 260.

345 1157 447 1188 Genu.
476 1157 578 1188 lutea
605 1156 682 1187 Lin.
709 1156 780 1186 146.

346 1213 448 1244 Gena
478 1212 581 1243 varia
610 1211 643 1242 A.
674 1211 736 1242 Ad.
764 1211 832 1241 146.

346 1268 510 1299 Gibbula
537 1268 635 1298 cicer
664 1267 755 1298 Mke.
783 1267 850 1297 144.

345 1324 514 1355 Gibbula
541 1323 757 1363 globularia
785 1322 987 1354 Schrenck.
1016 1323 1085 1353 144.

345 1379 484 1411 Gibbula
506 1379 685 1410 Preissiana
708 1379 788 1409 Phil.
816 1379 884 1409 145.

345 1436 500 1467 Globulus
523 1434 716 1475 anguliferus
739 1434 818 1466 Phil.
845 1434 913 1465 135.

345 1492 500 1524 Globulus
523 1491 692 1531 giganteus
716 1490 796 1521 Phil.
824 1490 892 1521 134.

345 1547 500 1579 Globulus
524 1547 673 1578 Thomasi
697 1546 808 1577 Crosse
836 1546 903 1577 135.

344 1603 537 1644 Glycymeris
561 1602 715 1642 Japonica
738 1602 773 1632 A.
799 1601 855 1632 Ad.
882 1602 953 1632 176.

345 1659 554 1699 Gomphina
583 1657 772 1689 donau-ina.
800 1656 945 1687 Chemn.
978 1658 1047 1688 199.

346 1714 554 1755 Gomphina
584 1713 816 1753 melan-aegis
843 1713 962 1744 Roem.
990 1713 1058 1744 199.

345 1770 554 1802 Goniostoma
577 1769 779 1810 pupaeforme
804 1769 837 1799 A.
864 1769 919 1799 Ad.
946 1769 1015 1799 117.

346 1826 511 1857 Goto'i'na
539 1825 693 1866 pyrgula
723 1825 756 1855 A.
788 1825 848 1855 Ad.
876 1824 944 1855 114.

346 1882 510 1914 Goto'l'na
538 1880 715 1911 sulcifera
743 1881 777 1910 A.
808 1880 869 1911 Ad.
897 1880 965 1910 114.

347 1937 588 1968 Guildfordia
616 1935 854 1976 triumphans
885 1935 979 1966 Phil.
1006 1936 1075 1965 129.

346 1993 482 2024 Haliotis
505 1993 629 2023 asinina
654 1992 721 2022 Lin.
748 1992 817 2023 149.

346 2049 512 2080 Haliotis
541 2048 677 2088 exigua
704 2047 787 2078 Dkr.
814 2047 884 2078 148.

347 2105 513 2136 Haliotis
540 2105 719 2144 gigantea
750 2103 896 2134 Chemn.
934 2103 1004 2134 147.
1034 2103 1105 2134 260.

348 2161 513 2191 Haliotis
543 2159 701 2191 Gruneri
729 2158 827 2189 Phil.
857 2159 924 2189 148.

347 2216 483 2247 Haliotis
507 2215 708 2255 impersoluta
732 2214 860 2245 Chemn.
889 2214 956 2245 146.

347 2271 513 2303 Haliotis
538 2271 724 2312 Japonica
750 2270 834 2301 Rve.
861 2270 930 2301 148.

348 2328 483 2359 Haliotis
507 2327 666 2358 lamellosa
690 2326 776 2358 Lam.
804 2326 872 2356 148.

348 2383 513 2414 Haliotis
540 2382 733 2414 latilabris
762 2381 854 2412 I'hil.
881 2381 950 2412 149.

347 2439 483 2470 Haliotis
507 2437 658 2470 Sieboldii
682 2438 756 2468 Hm.
783 2437 852 2467 148.

349 2494 515 2525 Haliotis
544 2495 766 2534 supertexta
794 2492 956 2524 Lischkss
982 2493 1051 2523 148.

349 2550 527 2581 flaminea
559 2549 778 2580 brevissima
808 2549 841 2579 A.
873 2548 932 2579 Ad.
960 2549 1029 2579 166.

348 2606 526 2637 Haminea
554 2605 761 2646 cymbalum
790 2605 824 2642 Q.
854 2607 885 2635 et
912 2603 948 2635 G.
977 2605 1045 2635 166.

1370 320 1550 352 Haminea
1578 331 1756 362 pygmaea
1785 321 1820 353 A.
1849 322 1910 353 Ad.
1936 323 2005 354 166.

1371 377 1550 408 Haminea
1577 377 1781 408 rotundata
1807 376 1844 408 A.
1871 377 1933 409 Ad.
1959 378 2028 409 166.

1371 432 1552 463 Haminea
1580 432 1748 472 strigosa
1775 433 1810 463 A.
1839 432 1900 464 Ad.
1926 433 1995 464 166.

1372 487 1554 518 flaminea
1582 486 1766 518 Succinea
1794 487 1897 519 Conr.
1925 488 1992 520 166.

1373 543 1496 583 Harpa
1523 542 1738 574 conoidalis
1770 543 1865 574 Lam.
1888 544 1938 575 45.

1372 598 1478 638 Harpa
1502 598 1643 629 nablium
1667 597 1750 629 Sow.
1774 599 1824 630 45.

1372 653 1478 694 Harpa
1501 654 1677 685 ventricosa
1700 664 1763 685 var.
1788 654 1882 685 Desh.
1905 654 1954 685 45.

1371 709 1477 740 Heln-a
1500 709 1654 740 murieata
1677 710 1712 740 A.
1738 709 1795 740 Ad.
1820 709 1869 740 37.

1371 764 1465 796 Helix
1489 765 1654 805 perspicua
1677 764 1745 795 Lin.
1770 765 1820 796 59.

1372 820 1587 852 Hemifusus
1615 821 1706 852 tuba
1734 821 1846 852 Gmel.
1872 820 1920 851 15.

1371 876 1464 907 Hima
1486 877 1704 908 acutidentata
1727 875 1839 908 Smith.
1863 875 1912 907 36.

1371 932 1464 963 Hima
1486 932 1600 964 festiva
1622 932 1734 964 Powis.
1759 932 1809 963 37.
1833 931 1904 963 256.

1370 987 1464 1018 Hima
1487 987 1678 1019 fraterculus
1701 989 1737 1019 A.
1763 987 1821 1018 Ad.
1846 987 1895 1018 37.

1371 1043 1464 1074 Hima
1487 1043 1606 1075 luteola
1629 1043 1743 1075 Smi‘th.
1768 1043 1817 1074 37.

1371 1099 1463 1130 Hima
1487 1100 1591 1130 tenuis
1614 1098 1647 1130 E.
1675 1100 1709 1130 A.
1733 1098 1848 1130 Smith.
1872 1097 1922 1129 36.
1946 1096 2017 1127 256.

1370 1154 1571 1195 Hipponyx
1600 1154 1783 1186 australis
1810 1154 1904 1185 Lam.
1931 1152 2000 1183 125.

1370 1210 1572 1251 Hipponyx
1599 1210 1783 1245 foliaceus
1811 1210 1845 1247 Q.
1874 1211 1909 1240 et
1936 1207 1972 1239 G.
1999 1206 2069 1238 125.

1370 1266 1569 1306 Hipponyx
1597 1266 1742 1306 pilosus
1773 1265 1878 1296 Desh.
1907 1264 1974 1295 125.

1369 1321 1513 1362 Huxleya
1536 1321 1658 1352 sulcata
1682 1321 1717 1352 A.
1743 1321 1798 1352 Ad.
1823 1320 1894 1352 238.
1919 1319 1989 1350 261.

1370 1377 1508 1418 Hyalaea
1531 1378 1613 1408 flava
1636 1376 1710 1409 Orb.
1736 1377 1763 1407 2.

1369 1433 1507 1473 Hyalaea
1530 1433 1665 1472 gibbosa
1687 1432 1786 1472 Rang.
1811 1432 1839 1462 2.

1370 1488 1509 1528 Hyalaea
1532 1488 1732 1528 longirostris
1756 1488 1790 1525 Q.
1815 1490 1847 1518 et
1870 1487 1905 1518 G.
1931 1486 1958 1516 2.

1370 1544 1559 1584 Hydafina
1592 1544 1837 1575 albo-cincla
1873 1554 1900 1573 v.
1930 1543 1957 1573 (l.
1990 1541 2143 1573 Hoeven

1437 1600 1507 1631 162.
2096 1594 2099 1595 ⁷

1370 1656 1530 1695 Hydatina
1553 1655 1645 1686 filosa
1669 1654 1795 1686 Schuni.
1822 1654 1891 1685 162.

1370 1711 1559 1752 Hydatina
1587 1711 1724 1742 inflata
1754 1711 1836 1741 Dkr.
1864 1710 1930 1741 162.

1370 1767 1558 1807 Hydatina
1588 1767 1718 1808 physis
1748 1767 1826 1797 Lin.
1854 1766 1922 1796 162.

1369 1823 1473 1854 Iaera
1501 1822 1688 1863 Japoniea
1718 1824 1751 1853 A.
1782 1822 1841 1852 Ad.
1870 1821 1938 1852 194.

1368 1878 1608 1910 Infundibulum
1632 1878 1887 1918 chloromphalus
1911 1879 1945 1908 A.
1973 1877 2028 1908 Ad.
2054 1877 2124 1908 138.

1370 1934 1494 1965 Iolaea
1525 1934 1698 1965 amabilis
1727 1934 1760 1964 A.
1790 1934 1850 1965 Ad.
1874 1935 1924 1965 ὃὸ.

1370 1990 1497 2022 lolaea
1525 1990 1666 2021 scitula
1694 1990 1728 2020 A.
1759 1989 1820 2020 Ad.
1845 1989 1894 2020 87.

1370 2046 1494 2077 lolaea
1522 2045 1716 2086 sculptilis
1745 2046 1778 2076 A.
1809 2046 1870 2076 Ad.
1895 2045 1944 2075 87.

1370 2101 1501 2143 Iphinoe
1525 2101 1782 2141 quadriearinata
1805 2101 1839 2131 A.
1866 2101 1921 2131 Ad.
1949 2100 2016 2131 106.

1370 2157 1484 2188 lsanda
1507 2156 1699 2188 crenellifera
1725 2158 1760 2187 Α.
1786 2157 1842 2188 Ad.
1870 2156 1938 2187 132.

1370 2213 1485 2244 Isanda
1507 2213 1668 2244 maculosa
1691 2214 1726 2243 A.
1752 2213 1807 2244 Ad.
1836 2212 1906 2244 136.

1370 2269 1490 2310 Isapis
1518 2268 1700 2300 conoidea
1729 2268 1763 2299 A.
1794 2268 1856 2299 Ad.
1886 2267 1955 2298 114.

1370 2325 1490 2365 Isapis
1518 2324 1631 2356 litata
1660 2324 1694 2354 A.
1725 2324 1785 2355 Ad.
1812 2324 1881 2354 114.

1370 2380 1504 2411 Ismenia
1527 2380 1640 2410 Reevei
1663 2379 1698 2410 A.
1724 2379 1779 2410 Ad.
1804 2379 1875 2410 253.

1370 2436 1506 2467 Ismenia
1529 2436 1703 2476 sanguinea
1729 2435 1762 2466 A.
1786 2435 1843 2466 Ad.
1868 2435 1939 2466 253.

1371 2492 1563 2523 Isoeardia
1591 2491 1801 2522 Moltkiana
1828 2490 1976 2522 Chemn.
2001 2489 2072 2521 213.

1371 2547 1528 2578 Isoeardia
1551 2547 1751 2578 semisulcata
1776 2547 1862 2578 Lam.
1886 2546 1956 2577 213.

1376 2603 1565 2634 lsocardia
1594 2605 1793 2642 tetragona
1822 2602 1882 2633 Ad.
1912 2604 1955 2633 ef.
1985 2601 2067 2632 Rve.
2097 2600 2169 2631 213.
