2379 3382
911 251 1144 282 -1237—

101 353 212 375 crenae
234 343 266 373 in
290 342 432 382 margine
454 340 573 371 ventris
595 349 728 376 crassae,
752 338 906 369 umbones
941 347 1051 368 versus
1074 336 1191 367 sensim
1214 336 1399 372 diminutae,
1430 338 1589 375 postremo
1620 336 1860 371 evanescentes3
1883 333 1949 373 epi-

103 397 220 430 dermis
243 396 419 429 atro-fusca
452 395 626 427 holoserica
649 397 685 426 ut
708 395 739 425 in
763 392 958 425 Pectunculo
980 392 1082 433 piloso
1105 391 1174 422 Lin.
1199 408 1239 413 —
1263 390 1361 431 Long.
1391 393 1493 421 testae
1515 389 1643 420 49—50
1672 389 1748 421 mill.
1772 390 1870 430 Long.
1895 390 1948 421 alt.

101 457 132 485 et
157 464 250 485 crass.
274 453 356 484 ratio
378 452 430 483 his
454 452 577 483 circiter
600 450 739 482 numeris
762 449 931 489 respondet.
957 447 1027 486 100,
1051 447 1102 478 85.
1126 447 1176 479 50.

255 507 421 549 Specimen
446 508 574 539 unicum
597 507 756 546 integrum
780 507 812 536 et
835 504 980 544 singulae
1002 503 1114 535 valvae
1137 505 1276 534 exstant.

254 564 338 595 Inter
360 563 480 604 species
504 574 522 594 a
544 563 667 593 Reeveo
691 561 832 606 depictas
856 562 966 591 nostra
989 558 1185 590 Pectunculo
1221 557 1409 589 intermedio
1443 556 1617 597 Broderipii
1643 556 1743 592 (Proc.
1768 557 1853 588 Zool.
1877 556 1948 587 Soc.

103 620 194 652 1832.
219 630 290 661 pag.
316 618 397 655 126..
422 618 524 650 Reeve
548 617 665 649 Conch.
690 618 770 648 icon.
796 627 876 656 spec.
904 615 945 655 1.)
970 627 986 645 e
1010 615 1100 646 litore
1122 614 1269 645 Peruano
1295 613 1456 644 simillima
1479 615 1536 651 est.
1561 613 1614 643 sed
1639 614 1780 654 separavi
1805 623 1872 643 eam
1893 622 1949 654 pro

100 676 204 717 specie
230 675 356 716 propria
378 674 418 705 ob
442 674 598 705 ambitum
622 673 854 713 discrepantem
879 674 910 702 et
932 672 1036 702 locum
1060 670 1198 701 natalem
1224 669 1313 700 valde
1337 672 1501 700 remotum.

254 730 429 762 Dolendum
461 733 508 761 est
539 729 768 770 descriptiones
802 727 985 758 Rceeveanas
1018 727 1114 757 nimis
1145 726 1256 757 breves
1280 728 1310 756 et
1335 735 1463 756 mancas
1489 728 1518 755 et
1542 725 1648 755 icones
1682 724 1946 756 Pectunculorum

103 787 194 818 valde
218 786 311 817 rudes
333 797 410 817 esse.

255 842 421 873 Praeterea
444 841 517 872 clar.
541 839 755 872 Schrenckius
785 839 916 879 (Amul-l.
942 838 1026 869 Moll.
1051 848 1122 878 pag.
1146 836 1232 876 580.)
1259 836 1448 867 pectunculi
1484 837 1617 876 speciem
1653 845 1748 876 prope
1782 835 1949 867 Hakodate

100 901 226 940 captam
261 897 388 929 nomine
422 896 608 928 Pectunculi
642 895 854 936 glycimeridis
877 894 946 925 Lin.
972 894 1062 933 signo
1098 893 1225 933 quidem
1261 891 1520 932 interrogationis
1555 892 1728 932 descripsit.
1763 903 1844 932 quae
1872 891 1949 923 mihi

101 964 229 995 prorsus
252 953 363 994 ignota
385 956 442 984 est.
489 952 635 983 Fortasse
658 951 698 982 ad
724 949 952 981 Pectunculum
977 949 1128 980 vestitum
1151 948 1298 989 pertinet.

791 1095 916 1129 Genus
938 1093 1124 1136 Limopsis
1146 1092 1260 1127 Sassi.

648 1183 859 1224 Limopsis
890 1181 1149 1213 Woodwardi
1179 1180 1215 1211 A.
1248 1180 1402 1211 Adams.

829 1259 894 1285 Tab.
914 1261 1007 1284 nostra
1027 1258 1066 1284 16.
1087 1257 1131 1292 fig.
1152 1258 1176 1284 5.
1195 1257 1219 1283 6.

256 1329 351 1361 Testa
373 1339 480 1360 crassa
502 1328 889 1369 orbiculari-subtrigona‚
923 1328 1064 1368 obliqua,
1093 1327 1230 1365 tumida,
1265 1325 1418 1363 subflava‚
1449 1336 1559 1366 parum
1584 1324 1821 1365 inaequilatera,
1845 1325 1950 1357 antice

101 1386 281 1423 rotundata.
306 1386 427 1426 postice
450 1384 613 1426 paululum
637 1388 794 1416 truncata.
819 1384 958 1415 costellis
980 1383 1204 1424 inaequalibus
1226 1382 1268 1414 ab
1291 1382 1379 1422 apice
1403 1382 1601 1422 prominente
1626 1380 1826 1412 radiantibus
1848 1381 1950 1413 striis-

100 1454 162 1483 que
184 1442 373 1473 transversis
407 1441 599 1479 cancellata3
633 1441 728 1472 cardo
759 1440 945 1481 regulariter
977 1442 1126 1471 arcuatus
1155 1438 1306 1470 dentibus
1329 1437 1479 1478 utrinque
1502 1437 1689 1478 aequalibus
1711 1437 1880 1469 lamellatis
1902 1437 1951 1468 in-

101 1500 257 1536 structus3
287 1497 379 1529 fovea
409 1497 573 1538 ligamenti
608 1507 724 1537 magna
747 1497 826 1528 satis
850 1495 1024 1537 profunda3
1050 1505 1159 1535 margo
1183 1494 1303 1526 ventris
1327 1493 1415 1525 intus
1438 1503 1537 1535 paene
1561 1492 1668 1524 laevis.
1691 1510 1733 1514 --
1756 1491 1885 1524 Concha
1910 1492 1948 1523 18

99 1554 176 1586 mill.
201 1554 266 1585 alta
288 1554 485 1594 totidemque
507 1553 571 1585 fere
593 1553 658 1584 lata
681 1555 738 1584 est.

254 1610 288 1641 L.
313 1609 514 1641 Woodwardi
537 1609 572 1639 A.
598 1609 716 1640 Adams
738 1607 827 1639 Proc.
852 1607 940 1639 Zool.
966 1607 1036 1638 Soc.
1063 1606 1154 1638 1862.
1179 1617 1249 1648 pag.
1275 1605 1346 1637 231.

256 1665 422 1707 Specimen
439 1664 598 1705 depictum
615 1664 806 1706 epidermide
821 1664 922 1704 pilosa
938 1666 1034 1701 caret.>
1057 1674 1138 1703 quae
1154 1663 1250 1694 huius
1266 1661 1391 1702 generis
1414 1661 1580 1702 speciebus
1600 1661 1733 1701 integris
1749 1661 1875 1702 propria
1891 1663 1947 1692 est.

260 1722 426 1754 Praeterea
449 1722 618 1754 Adamsius
642 1721 660 1752 l.
685 1732 711 1752 c.
736 1721 793 1751 has
817 1720 936 1762 species
959 1719 1131 1760 Japonicas
1157 1718 1340 1760 descripsit:

705 1807 917 1847 Limopsin
948 1805 1197 1846 Japonicam
1227 1804 1262 1835 A.
1296 1804 1360 1835 Ad.

253 1860 470 1892 Kuro-shima.

712 1915 924 1955 Limopsin
955 1913 1169 1954 obliquam
1200 1912 1238 1943 A.
1269 1912 1333 1943 Ad.

253 1968 366 2009 Uraga.

711 2022 923 2063 Limopsin
956 2020 1170 2061 Cumingii
1200 2019 1237 2050 A.
1268 2019 1334 2050 Ad.

254 2075 346 2113 Goto,
370 2075 625 2107 Satanomosaki.

712 2125 925 2165 Limopsin
957 2126 1170 2154 crenatam
1202 2123 1238 2154 A.
1270 2122 1334 2154 Ad.

253 2178 366 2219 Uraga.

711 2233 924 2274 Limopsin
954 2220 1169 2262 Forsks‘ilii
1200 2231 1236 2260 A.
1270 2229 1335 2260 Ad.

254 2294 413 2334 O-shima‚
437 2293 699 2326 Takano-shima.

253 2364 310 2395 His
333 2364 478 2395 addenda
501 2367 550 2395 est

683 2418 892 2459 Limopsis
923 2417 1105 2458 oblonga
1135 2415 1171 2446 A.
1204 2415 1360 2446 Adams.

304 2489 371 2514 Ann.
390 2486 443 2513 and
461 2488 533 2521 Mag.
552 2486 616 2513 Nat.
636 2486 707 2512 Hist.
728 2486 803 2512 1860.
822 2493 883 2520 pag.
902 2485 961 2511 412.

252 2548 468 2581 Mino-shima.

253 2604 382 2646 Species
405 2604 528 2636 telluris
551 2608 712 2636 cretaceae
736 2608 768 2635 et
791 2603 952 2634 tertiariae
976 2601 1101 2633 fossiles
1124 2600 1310 2632 nominibus
1333 2599 1487 2640 genericis
1510 2598 1535 2629 P
1545 2609 1561 2629 e
1570 2609 1586 2629 c
1594 2601 1607 2629 t
1616 2608 1637 2629 u
1646 2608 1666 2629 n
1677 2608 1693 2629 c
1701 2608 1721 2628 u
1730 2596 1786 2628 lin
1795 2607 1813 2627 a
1822 2606 1838 2627 e
1861 2594 1944 2626 Orb.

99 2663 132 2693 et
154 2660 504 2702 Trigonocoeliae
526 2659 638 2701 Nyst.
663 2659 836 2700 descriptas
859 2659 1010 2690 invenies.
