2379 3382
904 268 1114 298 —15„.

387 355 599 395 Neptunea
634 353 921 394 pericoclilion
956 352 1159 384 Schrenck
1193 353 1452 392 (Tritonium‚
1488 353 1621 392 Buce).

291 415 361 441 Bull.
380 414 411 440 de
431 414 530 441 l'Acad.
550 414 618 448 Imp.
640 414 685 439 dos
705 414 745 439 Se.
765 413 796 438 (16
817 414 857 438 st.
876 411 995 438 Petersb.
1018 411 1069 437 vol.
1090 412 1112 437 5.
1131 420 1192 445 pag.
1218 412 1275 438 513.
1297 412 1391 437 Rois-§n
1411 413 1445 437 im
1468 412 1568 437 Amurl.
1592 412 1641 438 vol.
1662 412 1686 438 2.
1707 412 1778 438 Moli.
1799 420 1860 446 pag.
1872 412 1930 437 4:33.

338 457 402 484 Tab.
426 459 463 484 17.
483 458 528 491 fig.
549 459 587 484 11.
611 457 650 483 12.

234 510 331 541 Sinus
354 521 451 551 prope
474 509 650 541 Hakodate.

234 567 319 597 Haec
343 566 464 607 species
487 566 623 606 insignis
647 567 679 595 et
702 564 874 606 singularis
897 564 937 594 ad
961 563 1134 594 sectionem
1157 563 1233 594 Fusi
1256 563 1406 594 Islandici
1429 563 1574 603 pertinet.

732 675 858 708 Genus
881 674 1097 708 Hemifusus
1121 673 1279 707 Swains.

626 753 866 784 Hemifusus
890 753 990 784 tuba
1015 753 1203 784 Gmelin.
1230 750 1403 793 (Murex).

287 823 357 855 Syst.
377 821 441 847 Nat.
461 820 500 847 ed.
522 821 560 847 13.
581 829 642 854 pag.
664 821 740 846 3554.
778 820 902 853 Pyrnla
930 819 1009 845 tuba
1038 819 1119 845 Lam.
1150 820 1230 845 anim.
1259 827 1320 844 sans
1349 820 1416 844 vert.
1437 818 1476 844 ed.
1496 819 1518 844 2.
1537 819 1586 845 vol.
1606 820 1630 845 9,
1651 828 1711 853 pag.
1732 820 1788 846 507.
1826 820 1933 845 Reeve

336 864 433 892 Coneh.
453 866 518 891 icon.
538 865 588 891 vol.
607 865 631 890 4.
652 864 715 890 '1'ab.
736 864 760 891 9.
779 864 824 897 fig.
844 864 884 890 22.
922 863 969 889 Di<
981 872 1000 890 r.
1023 863 1094 889 Mon.
1114 863 1173 896 Jap.
1194 870 1255 896 pag.
1274 862 1298 888 4.
1335 861 1466 887 Lischke
1486 862 1544 896 ,1111)Ι
1565 863 1597 888 Μ.
1613 862 1932 896 (7011cli.v01.].pag.36.

235 917 401 958 Specimen
424 918 530 949 minus
554 917 671 948 lectum
697 919 753 948 est.

234 974 358 1015 Duplex
382 973 477 1005 huius
500 973 646 1004 cochleae
671 973 807 1004 varietas
832 972 1003 1010 invenitur,
1028 972 1128 1002 altera
1152 973 1254 1002 rostro
1278 971 1344 1002 lato
1368 971 1472 1001 medio
1503 973 1646 1002 tumente
1682 971 1849 1001 tuberibus
1883 971 1932 1002 vel

81 1031 188 1070 potius
208 1030 356 1061 cornibus
372 1030 506 1070 magnis,
531 1029 691 1060 interdum
714 1029 916 1069 resupinatis⁷
941 1028 973 1059 iu
998 1027 1144 1058 anfractu
1167 1027 1281 1058 ultimo
1306 1027 1391 1057 senis
1416 1027 1463 1057 vel
1488 1028 1638 1067 septenis,
1662 1027 1763 1058 altera
1786 1027 1934 1067 gracilior

76 1085 246 1117 tuberibus
282 1085 383 1117 multo
407 1085 593 1123 minoribus,
618 1085 649 1115 in
674 1084 820 1115 anfractu
845 1084 957 1115 ultimo
981 1084 1106 1115 octonis
1130 1083 1178 1114 vel
1201 1083 1347 1121 undenis⁷
1372 1083 1434 1121 illa,
1459 1086 1615 1123 quantum
1640 1083 1715 1121 scio,
1750 1083 1933 1123 praesertim

80 1142 233 1179 simensis,
258 1142 335 1173 haee
358 1142 522 1182 Japoniea.
570 1141 752 1182 Specimina
776 1141 901 1180 integra
932 1140 1054 1180 apicem
1079 1139 1255 1171 ostendunt
1288 1139 1475 1179 papillarem
1499 1141 1530 1169 et
1554 1139 1777 1179 epidermidem
1813 1139 1933 1170 fuscam

80 1197 274 1229 lamellosam
298 1197 376 1229 setis
400 1197 506 1228 densis
530 1197 643 1228 erectis
667 1198 868 1228 instructam.

233 1253 307 1285 Icon
332 1253 577 1284 Chemnitziana
601 1253 735 1293 (Conch.
761 1252 837 1284 Cab.
862 1252 922 1283 vol.
948 1252 977 1282 4.
1001 1252 1054 1292 fig.
1081 1250 1176 1291 1333)
1201 1262 1220 1282 a
1244 1250 1390 1282 Gmelino
1414 1251 1513 1282 citata
1537 1251 1630 1282 nimis
1653 1251 1740 1282 rudis
1764 1253 1820 1281 est.

741 1372 866 1406 Genus
890 1370 1116 1405 Thatcheria
1138 1370 1281 1413 Angas.

665 1450 919 1482 Thatcheria
953 1450 1164 1481 mirabilis
1201 1449 1345 1489 Angas.

286 1519 360 1546 Proc.
380 1519 449 1546 Zool.
470 1519 526 1546 Soc.
550 1519 621 1546 1877.
642 1519 707 1546 Tab.
729 1519 769 1545 54.
788 1518 833 1552 fig.
856 1520 877 1544 1.
898 1526 920 1544 a.
940 1518 965 1544 b.

238 1580 374 1612 Coehlea
409 1592 485 1612 sane
518 1581 683 1619 mirabilis,
719 1592 738 1612 a
772 1581 844 1612 clar.
871 1580 904 1611 C.
929 1578 1088 1610 Thatcher
1123 1590 1223 1620 nuper
1255 1589 1294 1609 ex
1328 1577 1467 1618 Japonia
1490 1577 1599 1616 allata,
1632 1589 1688 1619 pro
1718 1580 1787 1609 toto
1822 1578 1933 1610 habitu

81 1635 211 1667 Fusinis
235 1637 402 1668 inserenda
426 1639 483 1676 est,
507 1636 680 1668 Hemifusis
704 1636 886 1668 Swainsoni
910 1636 1064 1676 proxima.
1110 1635 1218 1666 Incola
1240 1637 1343 1666 testae
1367 1634 1452 1666 haud
1476 1633 1625 1665 innotuit.

703 1748 829 1781 Genus
852 1746 1071 1789 Siphonalia
1094 1745 1137 1780 A.
1161 1745 1312 1780 Adams.

240 1825 368 1867 Species
402 1826 497 1867 hujus
526 1827 651 1867 generis
679 1839 697 1858 a
727 1826 800 1857 clar.
837 1826 939 1857 Reeve
972 1825 1140 1866 plurimam
1174 1827 1296 1866 partem
1328 1825 1410 1855 inter
1444 1824 1586 1855 Buccina
1614 1827 1849 1861 enumerantur,
1879 1825 1934 1856 secl

81 1884 151 1914 toto
175 1883 292 1914 habitu
316 1883 445 1924 propius
469 1883 509 1915 ad
530 1883 716 1924 Neptuneas
740 1883 905 1914 accedunt.
952 1882 1154 1922 Operculum,
1189 1882 1274 1921 quod
1308 1892 1472 1920 nunquam
1497 1880 1572 1917 vidi,
1608 1883 1690 1911 teste
1713 1880 1864 1911 Adamsio
1888 1881 1934 1912 illi

81 1938 236 1970 Fusorum
260 1939 439 1980 respondet..
485 1939 690 1980 Siphonaliae
714 1939 886 1970 sectionem
911 1938 1067 1969 Fusorum
1091 1937 1171 1968 bene
1188 1937 1391 1968 terminatam
1417 1937 1551 1967 formare
1575 1936 1652 1967 mihi
1677 1936 1823 1967 videntur
1845 1947 1934 1977 prae-

81 1995 190 2027 sertim
217 1996 250 2026 in
274 1995 353 2027 mari
375 1995 530 2036 Japonico
554 1996 723 2026 viventem.
770 1994 832 2026 Cfr.
858 1994 906 2025 On
931 1993 986 2025 the
1009 1994 1167 2034 Japanese
1191 1993 1312 2034 species
1335 1993 1369 2024 of
1391 1992 1589 2033 Siphonalia,
1628 2004 1646 2023 a
1678 1993 1833 2033 proposed
1863 2004 1932 2024 new

81 2062 182 2092 genus
209 2051 242 2082 of
264 2050 504 2092 Gastropodous
527 2051 682 2082 Mollusca
706 2051 738 2082 in
762 2051 843 2082 Ann.
869 2050 941 2081 and.
966 2050 1049 2090 Mag.
1075 2049 1109 2081 of
1130 2049 1202 2080 Nat.
1228 2049 1309 2080 Hist.
1337 2049 1428 2080 1863.
1452 2060 1524 2090 pag.
1550 2048 1621 2079 202.

568 2136 815 2178 Siphonalia
839 2137 1001 2177 signum
1026 2136 1154 2167 Reeve
1179 2135 1439 2176 (Buccinum).

773 2196 838 2222 Tab.
858 2197 951 2222 nostra.
973 2196 996 2222 3.
1014 2196 1058 2228 fig.
1078 2195 1101 2221 9.
1124 2196 1163 2222 10.
1183 2203 1239 2221 var.

290 2239 386 2265 Conch.
406 2239 472 2266 icon.
493 2239 543 2265 vol.
563 2239 587 2265 3.
624 2239 769 2265 Buccinum
790 2247 858 2273 spec.
880 2239 902 2265 6.

237 2292 403 2333 Specimen
435 2292 499 2333 jam
534 2294 629 2323 antea
666 2303 704 2323 ex
740 2292 877 2332 Japonia
913 2290 1100 2331 (Nagasaki)
1137 2293 1302 2331 acceptum
1328 2292 1444 2327 exstat⁷
1469 2290 1585 2330 pariter
1608 2292 1638 2320 et
1663 2289 1808 2326 varietas,
1838 2299 1932 2328 quam

83 2349 155 2381 clar.
180 2349 208 2380 J.
234 2349 324 2380 Rein.
350 2360 388 2380 ex
412 2349 523 2380 itinere
547 2349 579 2379 in
602 2348 771 2388 Japoniam
796 2348 881 2379 facto
906 2347 1084 2388 nuperrime
1108 2347 1293 2387 reportavit.

234 2406 344 2437 leones
368 2407 495 2436 nostrae
517 2405 703 2436 varietatem
726 2404 880 2435 exhibent
903 2403 1007 2434 colore
1031 2403 1128 2434 livido
1154 2403 1370 2434 cinerascente
1393 2402 1591 2441 maculisque
1615 2401 1790 2441 grandibus
1814 2401 1933 2441 sparsis

82 2461 290 2502 nigro-fuscis
313 2461 483 2502 signatam,
508 2461 594 2492 intus
617 2461 808 2501 hepaticam.
855 2460 1022 2500 Specimen
1040 2471 1058 2490 a
1075 2459 1198 2490 Reeveo
1224 2458 1384 2499 depictum
1408 2458 1440 2489 in
1464 2460 1631 2498 aperturae
1654 2457 1797 2497 margine
1813 2457 1932 2487 laesum

80 2518 129 2549 vel
166 2517 385 2558 imperfectum
421 2516 519 2548 fuisse
552 2516 687 2548 videtur.
735 2516 917 2557 Speeimina
950 2516 1043 2556 plane
1079 2515 1191 2546 adulta.
1228 2515 1259 2545 in
1294 2515 1382 2545 labro
1406 2514 1531 2545 interno
1556 2524 1678 2554 semper
1701 2515 1777 2544 sunt
1800 2513 1932 2544 sulcata.

81 2573 166 2605 Haec
200 2573 320 2614 speeies
354 2573 454 2604 forma
488 2584 546 2604 sua
580 2572 790 2613 Siphonariae
827 2571 1132 2603 cassidariaeformis
1168 2571 1339 2602 varietates
1374 2570 1528 2610 quasdam
1553 2570 1583 2600 in
1610 2571 1747 2600 mentem
1771 2579 1933 2607 revocans,

81 2629 166 2670 spira
189 2630 333 2661 breviore
357 2640 415 2660 1166
438 2639 503 2660 non
526 2631 610 2660 testa
634 2629 728 2659 lineis
752 2628 917 2659 undulatis
941 2628 1000 2659 sub
1024 2628 1106 2658 vitro
1130 2629 1257 2658 tantum
1294 2626 1476 2667 conspicuis
1509 2626 1651 2665 undique
1684 2625 1798 2661 cincta,
1833 2636 1934 2665 paene

80 2687 191 2727 glabra
215 2686 306 2717 facile
330 2686 549 2725 distinguitur.
