2379 3382
885 264 1123 295 —195—

690 349 847 382 Semele
878 349 1070 381 Sinensis
1101 350 1136 380 A.
1169 350 1323 382 Adams.

289 416 361 442 Proc.
382 416 450 443 Zool.
471 417 527 443 Soc.
549 417 622 443 1853.
642 425 703 450 pag.
723 417 763 443 95.
800 416 1041 450 Amphidesma
1061 417 1222 444 Sinensis
1241 418 1346 452 (melius
1365 420 1485 453 Sinensc)
1506 421 1612 447 Reeve
1633 422 1728 449 Conch.
1750 424 1814 449 icon.
1830 423 1880 449 vol.
1896 424 1919 449 8.

340 458 530 492 Amphidesma
549 467 616 493 spec.
637 459 676 485 28.

236 520 322 551 lnter
345 521 517 561 specimina
540 522 648 552 nostra
670 520 824 561 Japonica
847 531 945 552 unum
968 521 1058 552 adest
1081 522 1187 553 minus
1210 523 1297 554 intus
1320 525 1451 555 maculis
1474 526 1570 556 roseis
1594 537 1764 566 aspersum.

735 604 894 637 Semele
920 605 1096 646 Hanleyi
1125 605 1269 647 Angas.

288 673 363 700 Prot:
383 673 453 700 Zool.
473 674 530 699 Soc.
552 673 624 699 1878.
644 681 706 707 pag.
725 673 783 699 859.
804 672 868 699 Tab.
888 673 928 700 54.
947 673 992 706 fig.
1013 674 1034 699 1.

236 734 322 766 Mare
344 735 532 775 Japonicum
556 734 696 766 Belcher.
742 734 819 766 Coll.
844 734 1038 775 Hanleyana.

650 828 808 861 Semele
836 828 1100 860 Californica
1130 830 1165 860 A.
1195 828 1349 860 Adams.

288 905 361 931 Proc.
381 905 450 931 Zool.
470 905 526 931 Soc.
550 905 621 931 1853.
640 913 700 939 pag.
721 904 761 931 96.
798 904 907 930 Reeve
927 904 1023 931 Conch.
1043 905 1108 930 icon.
1129 904 1177 930 vol.
1198 904 1220 931 8.
1248 904 1436 939 Amphidesnia
1456 913 1523 939 spec.
1546 906 1582 932 19.
1627 906 1799 932 Sehrenck
1827 907 1920 932 Amur-

337 947 400 974 land
419 947 491 974 Moll.
511 956 571 982 pag.
592 948 650 974 569.
670 947 734 974 Tab.
754 947 794 974 22.
814 947 858 981 fig.
882 948 920 974 10.

235 1008 363 1040 Fretum
387 1008 578 1047 Tataricum,
606 1008 787 1040 California.

234 1064 401 1105 Specimen
426 1065 529 1096 minus
555 1067 585 1096 et
610 1065 760 1096 detritum
783 1065 844 1096 huc
867 1065 1026 1106 pertinere
1050 1065 1182 1096 videtur.

881 1254 1120 1312 Paphiaoea.

756 1371 879 1405 Genus
902 1371 1044 1414 Paphia
1067 1370 1263 1406 Lamarck.

622 1458 779 1498 Paphia
809 1459 964 1490 striata
995 1458 1156 1490 Chemn.
1189 1458 1380 1499 (Mac-tra).

285 1526 383 1551 Chen]
392 1534 415 1552 n.
436 1525 532 1552 Conch.
553 1525 616 1552 ('ab.
636 1526 686 1552 vol.
707 1527 728 1553 6.
748 1527 794 1560 fig.
814 1526 870 1553 222.
890 1526 947 1553 2‘23.

232 1586 383 1618 Valvulae
406 1587 550 1627 singulae
574 1587 708 1619 detritae
732 1589 870 1619 exstant.

233 1642 341 1674 Genus
370 1643 511 1684 Paphiae
541 1654 624 1675 anno
657 1644 737 1675 1799
760 1655 779 1675 a
802 1643 987 1675 Lamarckio
1022 1646 1171 1681 creatum,
1204 1645 1314 1683 postea
1336 1643 1376 1674 ab
1400 1644 1529 1674 auctore
1557 1642 1625 1682 ipso
1649 1641 1848 1673 Crassatellis
1874 1641 1922 1672 in-

76 1699 222 1739 junctum
252 1701 309 1738 est,
339 1710 419 1740 quae.
442 1710 514 1730 vero
545 1701 613 1731 toto
644 1699 759 1731 habitu
781 1711 817 1731 ac
840 1699 947 1731 indole
981 1699 1140 1731 differunt.
1186 1698 1280 1730 Teste
1311 1698 1417 1730 M'orch
1452 1701 1561 1729 nostra
1592 1697 1713 1728 concha
1735 1702 1784 1728 est
1808 1696 1920 1728 Donax

78 1756 230 1788 candidus
255 1754 421 1795 Spengleri
444 1755 528 1796 apud
551 1754 773 1787 Schroeterum
798 1756 890 1796 (Einl.
914 1755 976 1787 vol.
994 1755 1022 1786 3.
1040 1766 1109 1796 pag.
1137 1755 1206 1786 106.
1233 1754 1309 1785 Tab.
1328 1754 1356 1785 8.
1380 1754 1432 1794 fig.
1458 1754 1499 1791 ὃ).
1547 1753 1697 1791 Quamvis
1721 1754 1790 1784 icon
1815 1753 1922 1792 aliquo

79 1811 172 1843 modo
195 1811 394 1852 1·es1·.›ondeat⁷
418 1814 524 1843 tamen
549 1811 643 1843 verba
670 1812 847 1844 Schroeteri
873 1813 974 1852 „testa
996 1812 1102 1843 tenuis
1126 1814 1158 1842 et
1181 1810 1319 1851 fragilis“
1346 1811 1476 1842 minime
1499 1811 1666 1851 quadrant.

722 1967 845 2000 Genus
868 1966 1064 2000 Donacilla
1086 1964 1280 1999 Lamarck.

758 2054 979 2085 Donacilla
1009 2053 1124 2093 picta
1154 2052 1241 2084 Dkr.

760 2121 824 2148 Tab.
844 2122 936 2148 nostra
955 2122 977 2147 7.
997 2123 1041 2155 fig.
1063 2121 1155 2146 7—10.
1176 2129 1243 2146 varr.

284 2163 382 2189 Malak.
403 2163 442 2189 131.
463 2163 511 2189 vol.
532 2164 571 2190 24.
593 2171 652 2198 pag.
673 2164 713 2190 58.

232 2223 328 2255 Testa
351 2225 491 2264 parvula,
515 2226 734 2264 crassiuscnla,
758 2227 1016 2267 ovato—oblonga,
1042 2226 1240 2266 subtrigona‚
1264 2224 1355 2255 valde
1379 2223 1617 2264 inaequilatera,
1642 2222 1790 2262 utrinque
1814 2223 1923 2252 rotun-

79 2282 163 2319 data,
187 2280 274 2312 striis
299 2281 484 2312 incrementi
514 2281 667 2313 obsoletis
698 2283 864 2321 instructa,
895 2283 1107 2320 diversicolor,
1131 2281 1224 2313 modo
1248 2280 1330 2318 alba,
1354 2280 1447 2311 modo
1471 2290 1594 2317 carnea,
1618 2278 1802 2319 plerumque
1826 2277 1922 2308 radiis

77 2337 226 2369 olivaceis
248 2337 297 2368 vel
322 2337 456 2376 prasinis
486 2337 590 2368 vivide
619 2338 714 2378 picta,
739 2339 839 2370 rarius
861 2339 960 2370 fascia
988 2349 1102 2370 carnea
1123 2338 1190 2369 lata
1212 2337 1358 2368 mediana
1381 2336 1522 2376 signata2
1547 2335 1631 2366 color
1663 2335 1807 2365 internus
1830 2333 1923 2364 albus

78 2394 126 2425 vel
150 2403 303 2430 carneusg
328 2392 494 2433 epidermis
517 2394 622 2425 tenuis
646 2405 767 2426 cornea.

232 2448 412 2489 Specimina
442 2449 532 2489 plura
561 2452 707 2490 exstant3
740 2451 860 2492 majora
885 2451 924 2483 13
947 2450 1022 2482 mill.
1053 2450 1148 2490 longa
1178 2451 1254 2481 sunt
1284 2459 1455 2489 eorumque
1488 2448 1568 2479 ratio
1602 2447 1834 2478 dimensionum
1859 2445 1923 2477 fere

79 2504 155 2536 haec
179 2507 244 2536 est:
272 2504 343 2543 100,
367 2504 418 2543 60,
441 2504 491 2535 38.

233 2560 361 2601 Species
384 2561 540 2592 concinna
568 2561 755 2601 picturaque
785 2561 956 2601 singularis
991 2559 1188 2591 Donacillam
1223 2570 1368 2591 corneam
1394 2558 1473 2590 Polii
1497 2569 1513 2589 e
1536 2557 1614 2589 Mari
1637 2557 1866 2588 Mediterraneo
1891 2558 1922 2587 in

78 2619 214 2648 mentem
238 2618 376 2655 revocat,
400 2627 481 2657 quae
503 2617 631 2658 quidem
654 2617 753 2649 multo
778 2617 877 2658 major
900 2619 957 2648 est.
1003 2616 1109 2648 Cardii
1133 2618 1163 2648 et
1187 2615 1429 2655 impressionum
1454 2616 1613 2645 structura
1636 2613 1744 2644 eadem
1762 2615 1810 2645 est
1826 2615 1922 2653 atque

78 2671 112 2702 in
135 2672 194 2704 hac
217 2672 330 2713 specie.
1600 2713 1635 2744 2-
1652 2712 1667 2729 *

1600 2718 1607 2727 ²
1622 2723 1640 2743 ο
