2317 3387
1171 227 1402 259 —226—

1014 312 1138 347 Genus
1161 312 1396 355 Lithophaga
1418 311 1561 345 Bolten.

812 389 1081 431 Lithophaga
1109 391 1291 422 aristata
1321 389 1525 421 Solander
1557 386 1763 428 (Mytilus).

578 459 720 492 Dillwyn
735 457 816 484 deser.
829 457 887 484 Cat.
896 457 945 484 vol.
962 458 983 484 l.
997 465 1057 491 pag.
1067 457 1123 484 303.
1151 457 1192 483 Le
1211 457 1326 491 Ropan
1345 456 1465 483 Adana.
1485 455 1578 488 Sime’g.
1590 455 1652 488 Coq.
1666 463 1726 488 pag.
1740 454 1797 481 267.
1811 453 1874 480 Tab.
1891 454 1928 480 19.
1941 455 1986 487 fig.
1999 453 2022 480 2.
2053 453 2202 480 Modiola

629 500 816 534 caudigera
840 500 924 526 Lam.
949 500 1027 527 anim.
1053 508 1114 526 sans
1132 502 1199 526 vert.
1218 499 1257 526 ed.
1278 500 1300 526 2.
1320 499 1369 526 vol.
1389 500 1411 526 7.
1431 507 1491 533 pag.
1511 498 1550 524 27.
1587 497 1734 531 Mytilus
1759 497 1873 531 Ropan
1899 497 1994 523 Desh.
2019 495 2082 523 ibid.
2108 496 2200 530 (nota).

629 543 873 577 Lithophagus
892 542 1060 569 caudatus
1079 544 1168 576 Gray
1185 543 1212 568 in
1232 542 1303 575 King
1323 542 1399 568 Narr.
1419 541 1494 568 Surv.
1514 541 1604 567 Austr.
1623 540 1673 567 vol.
1687 540 1710 567 2.
1725 548 1784 574 app.
1804 548 1865 574 pag.
1884 540 1941 567 477.
1980 539 2202 565 Lithodomus

627 585 838 619 caudigerus
863 586 939 612 Sow.
965 586 1029 613 Gen.
1055 586 1082 612 of
1103 585 1190 612 Shells
1208 586 1252 618 fig.
1271 585 1294 611 4.
1332 584 1439 610 Reeve
1464 583 1559 609 Conch.
1585 585 1650 617 syst.
1675 583 1725 609 vol.
1746 584 1767 609 1.
1787 591 1848 617 pag.
1869 584 1910 609 37.
1929 582 1993 608 Tab.
2012 582 2052 608 99.
2072 582 2116 615 fig.
2135 582 2159 608 3.
2178 582 2202 608 4.

628 627 855 654 Lithodomus
874 629 1049 654 aristatus
1069 628 1260 662 Carpenter
1279 627 1412 653 Mazatlan
1432 626 1560 652 Monusca
1579 634 1639 660 pag.
1660 625 1716 652 126.
1735 628 1785 652 ete.

526 689 611 721 Haec
628 689 747 721 concha
771 689 954 730 praesertim
982 688 1204 720 Molluscorum
1228 691 1327 720 testas
1349 691 1446 728 atque
1469 686 1605 718 Corallia
1627 686 1799 727 perforans,
1822 697 1839 717 e
1861 686 2078 718 remotissimis
2101 687 2202 727 regio-

382 746 477 777 nibus
492 748 569 777 nota
585 749 641 776 est.
687 745 867 786 Specimina
890 747 998 776 nostra
1020 745 1175 785 Japonica
1193 745 1374 785 plerumque
1397 742 1528 780 minora,
1552 742 1637 773 nullo
1660 743 1753 773 modo
1777 743 1925 774 differunt
1943 742 1983 774 ab
2000 742 2203 780 Americanis,

375 801 530 833 Africanis
552 801 723 832 aliarumve
746 801 917 841 regionum.

528 856 679 897 Dactylus
703 856 885 897 Carpenteri
909 856 1017 887 March
1041 856 1168 896 (Malak.
1186 855 1232 886 Bl.
1250 855 1310 887 vol.
1335 856 1362 886 7.
1387 866 1457 896 pag.
1482 855 1567 896 206.)
1591 855 1632 887 ab
1655 857 1782 886 auctore
1805 855 1927 886 differre
1949 854 2064 886 dicitur
2087 865 2204 895 appen-

377 913 444 944 dice
475 913 615 944 calcar-ea
652 913 760 943 valvae
798 912 943 943 dexterae
977 912 1107 949 inferna.
1146 911 1256 943 valvae
1292 911 1438 942 sinistrae
1471 922 1614 952 superna.
1651 911 1705 942 sed
1738 922 1806 942 mea
1839 911 1987 952 opinione
2020 910 2096 942 haec
2129 912 2206 942 nota

375 968 469 999 nimis
499 968 576 999 levis
600 970 657 1005 est,
681 970 716 999 ut
740 968 770 998 in
796 978 864 998 eam
888 967 1007 1008 species
1036 978 1119 998 nova
1149 967 1313 1005 fundetur3
1352 970 1513 1007 praeterea
1545 969 1679 1007 utraque
1716 967 1923 1008 appendicum
1963 966 2108 998 formatio
2141 977 2205 999 uno

374 1024 546 1064 eodemque
569 1024 636 1055 loco
661 1024 758 1055 natali
783 1023 949 1054 invenitur.

529 1079 609 1110 Clar.
634 1079 771 1120 Philippi
795 1078 890 1119 (Abb.
915 1079 975 1110 vol.
993 1079 1021 1109 2.
1038 1090 1108 1119 pag.
1135 1078 1229 1118 126),
1253 1079 1424 1119 Carpenter
1451 1077 1622 1117 (Mazatlan
1645 1077 1798 1110 Mollusca
1820 1089 1891 1119 pag.
1919 1078 2000 1111 126.)
2025 1079 2055 1109 et
2072 1077 2206 1109 Lischke

376 1136 457 1176 (Jap.
483 1135 523 1166 M.
548 1135 664 1166 Conch.
690 1135 748 1166 vol.
774 1135 801 1166 2.
827 1146 896 1175 pag.
924 1134 1006 1174 149.)
1031 1135 1068 1165 de
1091 1134 1201 1175 Mytilo
1224 1134 1356 1165 aristato
1376 1134 1442 1174 jam
1466 1133 1621 1164 uberrime
1644 1134 1867 1166 disseruerunt.

529 1190 609 1222 Clar.
639 1191 797 1231 Deshayes
828 1190 1114 1222 denominationem
1150 1190 1323 1221 Adansonii
1350 1190 1396 1230 „le
1419 1188 1549 1230 Ropan“
1575 1189 1749 1230 prioritatis
1773 1201 1867 1221 causa
1891 1189 2117 1221 restituendam
2140 1200 2207 1220 esse

375 1250 476 1289 putat.
500 1247 554 1278 sed
578 1258 635 1287 ego
658 1257 769 1278 censeo
800 1246 928 1277 nomina
950 1246 1011 1277 ista
1034 1246 1168 1277 barbara
1192 1245 1417 1277 Adansoniana
1448 1245 1563 1286 pariter
1587 1245 1716 1276 nomina
1739 1245 1869 1276 ridenda
1892 1245 2031 1277 Duclosii
2055 1256 2070 1275 e
2093 1245 2208 1276 litteris

377 1303 561 1344 expellenda
584 1313 659 1334 esse.

877 1357 1140 1397 Lithophaga
1171 1359 1321 1388 nasuta
1354 1356 1456 1387 Phil.
1489 1355 1706 1396 (Modiola).

580 1425 646 1451 Abb.
666 1425 715 1451 vol.
734 1425 757 1451 2.
778 1433 837 1459 pag.
859 1425 913 1451 149.
934 1425 1050 1451 Modiola
1069 1424 1133 1451 Tab.
1156 1426 1176 1451 l.
1196 1425 1238 1457 fig.
1259 1423 1281 1450 2.

530 1486 710 1527 Specimina
732 1488 857 1517 tantum
882 1486 1004 1517 minora
1027 1488 1164 1517 exstant.

530 1542 656 1583 Species
680 1542 711 1572 in
736 1541 925 1582 Philippinis
949 1542 1062 1573 insulis
1084 1541 1169 1572 haud
1192 1552 1270 1572 rara.

530 1597 738 1629 Lithodomus
761 1600 876 1628 nasuta
899 1597 1011 1629 Reevei
1037 1597 1152 1628 Conch.
1178 1597 1257 1628 icon.
1284 1596 1334 1636 fig.
1362 1596 1399 1627 10
1411 1606 1441 1627 a.
1468 1596 1496 1627 b.
1521 1598 1605 1627 certe
1627 1595 1689 1626 alia
1712 1595 1830 1636 species
1854 1598 1910 1626 est.

806 1682 1068 1723 Lithophaga
1098 1685 1214 1714 curta
1245 1682 1423 1714 Lischke
1453 1681 1780 1723 (Lithophagus).

581 1749 640 1784 Jap.
660 1750 693 1776 M.
713 1750 808 1776 Concli.
829 1751 877 1777 vol.
897 1750 919 1776 3.
940 1758 999 1784 pag.
1022 1751 1075 1776 111,
1095 1750 1158 1777 Tab.
1178 1750 1201 1777 9.
1220 1751 1263 1782 fig.
1286 1750 1390 1776 14—-17,

530 1811 615 1842 Mare
638 1811 826 1852 Japonieum
851 1814 881 1842 et
906 1811 1071 1842 Chinense.

534 1866 579 1897 Ad
613 1867 853 1907 descriptionem
891 1867 1119 1898 Lischkeanam
1151 1868 1201 1900 hic
1232 1869 1412 1900 addendum
1445 1870 1493 1899 est
1523 1867 1696 1907 specimina
1719 1877 1737 1897 a
1761 1867 1834 1897 clar.
1858 1865 1886 1897 J.
1911 1865 1989 1897 Rein
2015 1876 2053 1896 ex
2076 1865 2210 1906 Japonia

378 1924 538 1962 reportata
561 1933 599 1953 ex
622 1925 711 1963 parte
735 1923 834 1954 multo
858 1923 976 1963 majora
998 1924 1207 1963 appendiculo
1231 1936 1327 1965 parvo
1352 1924 1490 1955 calcareo
1515 1924 1670 1954 instructa
1693 1932 1769 1953 esse.

970 2008 1236 2049 liithophaga
1265 2008 1500 2039 Zitteliana
1530 2007 1617 2038 Dkr.

809 2074 873 2101 Tab.
893 2077 984 2101 nostra
1006 2076 1042 2102 14.
1062 2076 1106 2109 fig.
1129 2076 1148 2102 1.
1168 2076 1192 2102 2.
1211 2083 1278 2110 spec.
1295 2075 1395 2108 junius,
1414 2076 1457 2108 fig.
1478 2076 1500 2102 8.
1519 2075 1543 2101 9.
1563 2082 1630 2108 spec.
1651 2074 1780 2101 adultum.

533 2135 627 2167 Testa
650 2135 894 2176 subcylindrata,
930 2137 1078 2177 utrinque
1109 2137 1280 2169 rotundata
1313 2136 1434 2177 postice
1459 2137 1591 2168 dilatata
1613 2135 1736 2167 ambitu
1759 2146 1858 2176 paene.
1882 2134 2031 2175 elliptico‚
2055 2134 2140 2166 striis
2163 2134 2211 2165 in-

380 2192 530 2222 crementi
564 2192 770 2223 concentricis
802 2192 952 2223 obsoletis
983 2193 1137 2233 posticam
1161 2203 1268 2223 versus
1292 2194 1411 2232 partem
1440 2191 1623 2223 fortioribus
1647 2202 1704 2222 nec
1727 2202 1790 2222 non
1815 2190 1901 2222 striis
1925 2190 2050 2221 directis
2074 2190 2213 2221 minimis

379 2248 463 2280 latus
486 2247 605 2278 ventris
627 2247 810 2279 tenentibus
844 2248 1016 2280 instructa:
1047 2248 1201 2280 umbones
1232 2248 1365 2279 involuti
1389 2248 1429 2278 ab
1452 2248 1652 2279 extremitate
1682 2247 1788 2278 antica
1818 2245 2016 2284 recedenfes3
2047 2245 2212 2286 epidermis

382 2303 495 2343 pallide
517 2303 606 2334 fusca
628 2303 779 2335 subflava.
803 2321 844 2325 —
866 2304 963 2344 Long.
988 2304 1194 2344 speciminum
1225 2304 1403 2335 adultorum
1435 2303 1557 2334 circiter
1581 2303 1621 2334 70
1643 2302 1718 2334 mill.
1743 2303 1870 2333 constat
1892 2312 2063 2341 eorumque
2094 2301 2213 2332 dimen-

381 2359 504 2390 sionum
528 2359 608 2390 ratio
631 2359 769 2390 numeris
795 2360 864 2397 100,
888 2359 938 2398 123,
962 2359 1003 2390 20
1026 2360 1202 2400 respondet.

537 2414 622 2446 Mare
645 2415 832 2455 Japonicum
856 2415 1127 2446 mediterraneum.

528 2470 618 2501 'Haec
642 2471 769 2510 species,
794 2473 948 2511 quantum
972 2472 1046 2509 scio,
1070 2470 1182 2502 nullibi
1206 2470 1368 2511 hucusque
1392 2471 1558 2511 descripta,
1582 2472 1614 2501 et
1637 2468 1870 2510 Lithophagam
1902 2470 2099 2508 corrugatam
2125 2469 2156 2498 et
2178 2467 2211 2497 L.

381 2525 508 2556 obesam
532 2527 562 2557 in
588 2529 724 2557 mentem
757 2529 892 2565 revocat,
916 2527 970 2557 sed
992 2527 1171 2558 accuratius
1204 2527 1346 2567 inspecta
1368 2526 1408 2557 ab
1431 2529 1565 2566 utraque
1599 2525 1719 2557 concha
1748 2525 1826 2556 satis
1857 2523 1971 2561 differt,
2004 2533 2077 2554 nam
2100 2523 2131 2554 in
2157 2522 2211 2553 illa

380 2583 449 2613 tota
471 2584 555 2613 testa
577 2582 662 2613 striis
686 2582 812 2614 directis
836 2582 954 2622 postice
977 2582 1158 2613 divaricatis
1180 2582 1319 2613 obducta
1342 2584 1399 2620 est,
1423 2582 1454 2613 in
1479 2581 1679 2622 Lithophaga
1702 2591 1773 2612 vero
1797 2579 1893 2611 obesa
1917 2579 2040 2610 nullum
2064 2578 2211 2609 striarum

383 2638 551 2678 vestigium
576 2638 744 2670 invenitur.
