2317 3387
1186 274 1395 305 -72-

370 362 489 393 laeves:
514 362 679 392 intervalla
701 360 906 392 transversim
930 360 1087 400 denseque
1111 359 1241 391 striata:
1265 360 1371 391 sulcus
1396 360 1477 391 infra
1502 363 1643 391 suturam
1667 361 1768 395 exilis.
1793 362 1825 392 in
1848 364 2007 394 costarum
2024 364 2205 396 interstitiis

372 417 531 457 punctulis
566 419 727 457 pertusus:
762 418 908 456 apertura
937 415 1091 455 oblonga:
1126 414 1291 446 columella
1319 415 1464 446 subrecta
1499 416 1603 446 fusca:
1637 416 1756 447 canalis
1786 416 1906 456 brevis3
1939 428 2019 458 apex
2051 430 2206 460 purpureo

371 472 493 503 -suscus
517 471 646 502 nitidus.
693 471 871 512 Specimina
897 471 1034 501 maxima
1056 469 1149 510 plane
1173 470 1283 501 adulta
1306 471 1346 501 35
1369 471 1444 502 mill.
1471 472 1565 511 longa
1589 474 1674 502 sunt.

523 527 617 558 Plura
640 527 812 568 specimina
836 527 964 557 exstant
987 526 1203 565 congruentia.

522 584 607 614 Haec
638 582 765 613 cochlea
789 592 859 613 cum
882 581 969 612 nulla
997 592 1077 620 quae
1101 580 1264 622 hucusque
1299 582 1474 622 descriptae
1510 586 1594 620 sunt⁷
1630 582 1837 614 Terebrarum
1870 583 1973 624 speeie
2006 585 2206 623 conveniens⁷

362 632 492 679 ¹'pictura
515 642 544 669 et
569 638 656 669 sulco
680 638 760 668 infra
783 639 925 668 suturam
960 636 1044 673 exili,
1068 637 1100 667 in
1124 640 1282 668 costarum
1318 637 1492 668 intervallis
1527 639 1653 678 punctis
1677 640 1805 678 pertuso
1837 638 1990 678 imprimis
2024 640 2205 680 insignitur.

370 694 404 725 ln
428 693 654 734 speciminibus
689 692 849 724 nonnullis
872 692 969 723 fascia
992 691 1079 722 fusca
1103 692 1235 723 maculis
1270 693 1475 724 viridioribus
1510 694 1671 733 variegata
1702 696 1758 724 est.
1806 692 1917 725 Omnia
1950 694 2064 726 lineam
2100 695 2206 726 albam

371 749 440 790 plus
463 750 510 780 vel
534 749 639 780 minus
664 749 858 789 perspicuam
884 748 915 778 in
940 747 1042 778 fronte
1064 748 1246 779 ostendunt.

522 805 611 836 Hanc
634 805 768 845 speciem
792 803 938 843 gracilem
962 803 1063 834 amico
1087 803 1119 835 C.
1145 803 1178 834 E.
1202 803 1337 835 Lischke
1360 804 1537 835 dedicatam
1561 816 1628 835 esse
1652 804 1745 835 volui.

1024 888 1196 920 Terebra
1228 889 1382 920 bifrons
1413 889 1550 920 Hinds.

576 958 650 984 l'ror.
677 957 746 983 Zool.
767 958 822 982 Soc.
844 956 916 981 1843.
937 964 995 989 pag.
1020 956 1073 981 155.
1112 955 1270 989 Sowerby
1295 956 1371 982 Thes.
1397 957 1492 982 Cunch.
1513 956 1562 982 vol.
1590 958 1609 982 1.
1630 965 1690 990 pag.
1719 958 1773 983 174.
1800 957 1864 984 Tab.
1889 958 1929 983 43.
1956 959 1998 991 fig.
2025 958 2064 984 57.
2101 958 2207 984 lteeve

625 1000 721 1026 Conch.
742 1000 807 1025 icon.
826 1007 893 1033 spec.
914 999 953 1024 62.

522 1053 606 1084 Haec
630 1052 757 1083 cochlea
777 1051 841 1092 jam
866 1063 904 1082 ex
930 1051 1023 1091 longo
1047 1054 1187 1091 tempore
1211 1063 1227 1081 a
1253 1051 1325 1082 clar.
1351 1051 1479 1082 Siebold
1503 1063 1541 1082 ex
1565 1051 1701 1092 Japonia
1725 1055 1892 1092 reportata7
1910 1052 1949 1083 aul
1965 1053 2097 1083 rariores
2114 1051 2206 1083 Tere-

369 1109 496 1140 brarum
525 1109 645 1149 species
675 1108 829 1148 pertinere
861 1107 992 1137 videtur.
1039 1106 1132 1137 Testa
1157 1107 1224 1146 ejus
1247 1107 1541 1140 tutrito-subulam.
1576 1107 1772 1138 anfractibus
1795 1118 1906 1148 parum
1930 1108 2089 1140 convexis.
2113 1118 2206 1148 supe*

369 1165 504 1196 rioribus
527 1163 726 1203 longitudine
749 1163 883 1203 plicatis.
914 1162 1000 1193 sulco
1026 1162 1169 1193 mediano
1193 1162 1312 1197 divisis,
1336 1162 1448 1193 ultimo
1471 1162 1598 1193 tertiam
1621 1163 1720 1194 totius
1752 1163 1931 1194 altitudinis
1964 1166 2085 1204 partem
2108 1174 2207 1204 paene

370 1222 536 1260 aequante.
561 1219 700 1250 seriebus
723 1229 892 1259 granorum
917 1217 1137 1258 inaequalibus
1161 1217 1269 1248 multis
1294 1216 1445 1250 ‹14-—161
1470 1218 1585 1255 cincto.
1616 1218 1718 1249 canali
1742 1219 1827 1249 brevi
1852 1219 1915 1250 lato
1939 1221 2096 1250 truncato.
2121 1219 2207 1250 colu-

369 1275 461 1306 mella
483 1275 537 1306 vix
561 1277 706 1306 contorta
730 1286 787 1305 nec
810 1286 872 1306 non
897 1274 999 1305 colore
1031 1274 1123 1305 badio
1156 1273 1298 1313 inprimis
1329 1273 1509 1312 insignitur.
1555 1274 1629 1304 Iron
1653 1273 1819 1305 Beereana
1850 1275 1969 1315 optima
1984 1278 2056 1317 pest.
2090 1275 2208 1314 pariter

367 1330 581 1371 Sowcrbyana
605 1330 645 1361 ad
668 1331 821 1361 minorem
844 1330 970 1361 modum
995 1329 1130 1366 redacta.
1155 1329 1280 1360 abunde
1304 1328 1431 1359 sufficit.

522 1386 590 1417 Duo
614 1386 786 1427 specimina
810 1385 1016 1426 congruentia
1040 1388 1178 1416 exstant.

959 1470 1135 1502 Terebra
1167 1470 1493 1501 Loebbeckeana
1523 1469 1611 1500 Dkr.

1084 1529 1147 1555 Tab.
1168 1531 1260 1555 nostra
1278 1530 1301 1555 5.
1321 1530 1365 1562 fig.
1387 1529 1424 1554 17.
1447 1529 1484 1554 18.

572 1574 672 1600 Malak.
693 1573 732 1600 131.
751 1573 801 1599 vol.
820 1573 861 1599 24.
880 1580 940 1606 pag.
961 1572 999 1598 74.

521 1627 615 1658 Testa
638 1626 743 1667 longa,
766 1625 902 1666 gracilis.
935 1624 1006 1656 alba
1031 1624 1129 1656 fascia
1152 1625 1217 1656 lata
1241 1625 1417 1665 interrupta
1447 1624 1562 1664 pallide
1586 1623 1673 1655 fusca
1697 1624 1810 1659 cincta.
1842 1623 2037 1655 anfractibus
2060 1624 2140 1655 circa
2165 1624 2207 1655 30

367 1686 477 1715 sutura
502 1683 654 1714 distincta
682 1682 801 1720 divisis,
832 1692 943 1721 parum
975 1680 1135 1719 convexis.
1167 1680 1295 1721 oblique
1326 1679 1492 1711 costulatis
1526 1679 1793 1720 transversimque
1826 1679 1957 1718 striatis,
1991 1679 2206 1720 subgranosis,

369 1750 502 1780 superne
525 1739 612 1770 sulco
637 1738 746 1769 divisis
770 1738 942 1768 instructa:
966 1739 1114 1777 apertura
1136 1739 1291 1777 angustag
1315 1734 1480 1767 columella
1503 1745 1612 1775 parum
1637 1737 1799 1773 contorta;
1823 1734 1942 1766 canalis
1958 1735 2144 1766 subcurvus,
2164 1753 2205 1757 —

368 1795 431 1826 Alt.
456 1795 496 1826 75
519 1795 594 1826 mill.
619 1794 711 1825 diam.
735 1805 818 1824 max.
843 1793 895 1823 vix
922 1793 962 1823 10
984 1792 1060 1823 mill.

521 1850 658 1881 Unicum
691 1848 912 1880 tantummodo
945 1848 1103 1889 specimen
1127 1848 1208 1879 inter
1236 1846 1388 1878 Mollusca
1421 1847 1577 1888 Japonica
1607 1848 1713 1878 exstat
1745 1847 1829 1877 notis
1858 1846 2019 1877 nonnullis
2053 1846 2206 1878 Tei-ebrae

368 1906 477 1937 Limae
510 1905 603 1937 Desh.
637 1905 840 1946 respondens,
871 1904 925 1935 sed
959 1903 1058 1935 altera
1080 1915 1119 1934 ex
1143 1905 1231 1944 parte
1254 1903 1294 1934 ab
1320 1914 1357 1933 ea
1379 1903 1458 1934 satis
1488 1903 1678 1943 discrepans.
1730 1901 1825 1933 Testa
1854 1902 1938 1933 enim
1972 1901 2077 1933 differt
2106 1903 2206 1943 primo

368 1961 481 1993 habitu
504 1961 677 2002 graciliore,
712 1960 850 1992 secundo
884 1960 1048 2000 superficie
1080 1959 1184 1990 minus
1206 1969 1326 1999 aspera,
1350 1959 1444 1990 tertio
1468 1958 1651 1999 praesertim
1676 1968 1723 1995 eo,
1747 1957 1831 1998 quod
1856 1960 1944 1988 costa
1967 1957 2090 1998 spii-alis
2124 1957 2206 1989 infra

368 2020 512 2049 suturam
543 2017 630 2048 sulco
664 2017 828 2057 perspicuo
862 2015 1006 2053 formata,
1031 2025 1096 2046 non
1120 2017 1168 2046 est
1190 2025 1336 2055 granosa,
1360 2014 1414 2045 sed
1437 2014 1562 2055 plicata,
1588 2014 1633 2045 ita
1656 2015 1692 2044 ut
1714 2013 1814 2053 plicae
1837 2012 2084 2052 longitudinales
2118 2013 2205 2045 sulco

368 2073 430 2105 isto
454 2073 674 2105 tantummodo
698 2073 891 2113 interruptae
914 2074 1096 2112 appareant.

521 2129 605 2160 Haec
629 2128 749 2168 species
771 2128 871 2159 amico
895 2127 1059 2158 Theodoro
1083 2125 1269 2158 Loebbecke
1292 2125 1516 2157 Molluscorum
1539 2123 1648 2156 sedulo
1673 2124 1841 2155 scrutatori
1865 2123 1968 2155 dicata
1993 2126 2049 2155 est.

1007 2211 1186 2243 Terebra
1214 2211 1429 2242 triseriata
1458 2210 1572 2251 Gray.

1084 2271 1148 2298 Tab.
1168 2274 1260 2297 nostra
1279 2272 1302 2297 5.
1320 2272 1366 2304 fig.
1387 2270 1425 2296 19.
1444 2269 1483 2296 20.

573 2315 647 2340 Proc.
673 2314 741 2340 Zool.
767 2314 823 2340 Soc.
853 2314 924 2340 1834.
951 2322 1014 2347 pag.
1040 2314 1078 2340 61.
1118 2313 1268 2347 Souerby
1296 2313 1374 2348 Thes,
1399 2312 1494 2338 Conch.
1521 2312 1570 2338 vol.
1593 2313 1613 2337 1.
1633 2318 1693 2344 pag.
1720 2311 1774 2336 171.
1799 2309 1862 2336 Tab.
1879 2310 1920 2336 45.
1939 2310 1984 2344 fig.
2005 2311 2062 2336 119.
2098 2310 2206 2336 Reeve

624 2356 720 2383 Conch.
739 2357 805 2383 icon.
824 2365 892 2391 spec.
912 2357 945 2383 52
954 2365 976 2382 a.
997 2356 1022 2382 b.

522 2409 639 2441 Beatus
662 2408 699 2440 H.
724 2409 859 2450 Cuming
882 2409 964 2440 hanc
987 2408 1147 2440 cochleam
1170 2420 1186 2439 e
1210 2407 1399 2449 Philippinis
1423 2407 1535 2438 insulis
1557 2409 1589 2438 et
1611 2406 1689 2437 mari
1713 2405 1840 2438 Sinensi
1863 2406 1982 2446 primns
2005 2405 2126 2437 attulit.

522 2465 591 2496 Duo
614 2465 786 2505 specimina
819 2465 1021 2505 integerrima
1044 2465 1075 2495 in
1099 2464 1234 2504 Japonia
1262 2463 1344 2495 lecta
1377 2464 1515 2494 exstant.
1562 2461 1640 2493 Cum
1671 2462 1742 2493 icon
1776 2461 1997 2502 Sowerbyana,
2031 2460 2205 2493 secundum

369 2520 528 2561 exemplar
551 2520 776 2560 incompletum
800 2520 894 2561 picta,
918 2520 1002 2551 haud
1026 2520 1164 2551 sufficiat
1186 2522 1216 2551 et
1240 2520 1359 2560 figurae
1382 2519 1563 2550 Reeveanae
1596 2517 1727 2559 paulum
1757 2517 1902 2549 differant
1925 2528 1944 2548 a
1966 2516 2083 2549 nostris
2105 2516 2206 2557 speci-

369 2576 518 2613 minibus,
542 2575 676 2607 alterum
699 2576 893 2616 integritatis
917 2587 1012 2607 causa
1035 2576 1087 2607 hic
1109 2575 1268 2616 depictum
1291 2577 1348 2606 est.

522 2631 672 2663 Omnium
695 2631 867 2672 specierum
890 2631 1052 2672 hucusque
1076 2634 1221 2663 notarum
1244 2631 1419 2671 gracillima
1441 2630 1588 2670 gyrisque
1611 2629 1754 2670 plurimis
1785 2627 1936 2669 (46-48)
1967 2627 2122 2659 instructa
2146 2628 2202 2659 est.

369 2687 539 2719 Aufr-actus
564 2687 658 2727 plani,
682 2697 782 2728 paene
805 2687 918 2725 cavati,
941 2688 1020 2719 serie
1044 2687 1198 2718 nodorum
1221 2686 1346 2726 triplici,
1372 2685 1474 2717 media
1489 2685 1638 2722 maxima,
1661 2684 1761 2716 infera
1777 2683 1906 2720 minore,
1929 2693 2042 2724 supera
2061 2682 2201 2722 minima,
