2379 3382
899 256 1134 286 —141—

627 340 888 382 Zizyphinus
918 340 1141 381 Japonicus
1172 341 1208 371 A.
1241 341 1394 373 Adams.

287 408 364 436 Pron.
384 408 453 435 Zool.
474 409 530 435 Soc.
554 408 627 435 1851.
648 416 709 442 pag.
732 408 788 434 167.
826 407 937 432 Reeve
957 407 1054 433 Conch.
1074 407 1141 433 icon.
1161 407 1322 441 Zizyphinus
1341 407 1405 435 Tab.
1427 409 1448 434 7.
1469 409 1513 441 fig.
1533 409 1573 435 40.

236 469 271 500 In
294 470 375 500 mari
397 469 552 509 Japonico
577 469 663 500 haud
688 479 786 499 rarus.
833 467 931 498 Plura
954 467 1129 508 specimina
1152 470 1291 498 exstant.

237 523 367 564 Species
383 524 540 555 concinna
557 524 660 555 colore
676 524 784 561 rubro,
808 523 966 560 coccineo,
984 533 1084 559 roseo,
1109 523 1269 563 spadiceo,
1291 523 1415 554 cinereo
1431 525 1479 555 vel
1497 524 1637 555 olivaceo
1654 525 1766 562 tincta,
1784 525 1941 557 interdum

79 579 189 620 strigis
212 579 386 610 maculisve
410 579 492 610 albis
514 579 564 610 vel
588 579 714 610 lineolis
739 577 912 609 tessellatis
944 578 1125 617 variegata3
1149 580 1300 618 apertura
1328 578 1546 618 subquadrata
1569 580 1673 610 vivide
1697 581 1942 620 margaritacea3

80 635 167 666 basis
191 645 334 666 convexa
363 635 568 674 tenuiterque
599 634 708 672 lirata3
741 633 904 664 anfractus
938 633 1131 672 plauiusculi
1155 644 1252 674 supra
1275 636 1419 664 suturam
1454 635 1545 665 lineis
1582 635 1706 666 duabus
1739 635 1872 667 elevatis
1895 635 1943 666 vel

78 701 144 722 una
168 690 296 730 signati.
345 689 488 720 Varietas
512 689 640 729 quidem
664 689 795 720 obvenit
820 688 1001 719 multicolor
1024 689 1117 720 lineis
1139 689 1202 719 illis
1225 689 1357 720 elevatis
1380 700 1499 720 carens.

505 773 759 814 Zizyphinus
789 772 1028 804 Jessoensis
1060 771 1269 803 Schrenck
1303 773 1521 812 (Trochus).

288 841 386 867 Reisen
405 841 441 866 im
462 840 564 866 Amurl.
584 840 637 866 vol.
658 839 682 866 2.
704 848 764 873 pag.
785 840 843 866 353.
864 839 928 866 Tab.
950 840 989 865 15.
1009 839 1054 872 fig.
1076 840 1185 865 11—18.

236 900 365 941 Species
388 901 490 932 forma
512 901 701 941 picturaque
725 900 922 931 inconstans.

234 956 339 988 Unum
363 956 523 997 specimen
547 958 664 987 exstat.
712 956 843 986 Pictura
866 956 898 986 in
923 966 959 986 eo
983 956 1101 994 vivida,
1125 955 1300 995 margarita
1322 955 1532 995 pulcherrime
1556 956 1736 987 iridescens.

557 1040 817 1081 Zizyphinus
848 1040 999 1071 hilaris
1028 1040 1208 1071 Lischke
1238 1039 1456 1080 (Trochus).

286 1108 386 1134 Malak.
409 1108 449 1134 Bl.
471 1108 545 1134 1871.
565 1115 627 1141 pag.
648 1108 688 1133 41.
730 1107 789 1140 Jap.
810 1108 844 1133 M.
866 1107 963 1133 Com-11.
984 1107 1034 1134 vol.
1054 1107 1077 1133 2.
1097 1115 1160 1141 pag.
1180 1107 1220 1133 85.
1241 1107 1306 1132 Tab.
1326 1108 1349 1133 5.
1370 1107 1414 1141 fig.
1437 1108 1475 1134 14.
1498 1108 1535 1134 15.
1557 1108 1601 1141 (15
1613 1116 1635 1135 a.
1655 1116 1744 1141 magn.
1764 1110 1863 1144 aucta).

231 1167 347 1199 Nescio
371 1178 412 1198 an
436 1168 479 1198 sit
503 1167 708 1205 Cantharido,
735 1168 844 1208 generi
868 1167 1111 1206 Moutfortiano,
1135 1168 1249 1199 melius
1275 1169 1472 1199 inserendus.

234 1222 340 1254 Unum
366 1223 590 1254 tantummodo
615 1223 775 1263 specimen
801 1223 892 1254 adest
916 1234 987 1254 cum
1012 1223 1104 1254 icone
1128 1234 1226 1264 supra
1248 1223 1379 1255 laudata
1402 1225 1496 1265 plane
1520 1227 1720 1257 conveniens.

668 1331 794 1366 Genus
818 1332 977 1366 Turcica
1000 1332 1044 1365 H.
1068 1333 1107 1366 et
1129 1332 1174 1366 A.
1198 1332 1349 1367 Adams.

660 1409 833 1440 Tur-cica
864 1410 1095 1450 imperialis
1126 1411 1161 1441 A.
1195 1411 1351 1442 Adams.

285 1475 360 1502 Proc.
384 1475 455 1508 Zool.
476 1475 532 1502 Soc.
554 1476 628 1502 1863.
649 1484 711 1510 pag.
731 1477 788 1502 507.
828 1477 982 1502 Trochus
1005 1477 1239 1503 Adamsianus
1265 1477 1435 1503 Schrenck
1460 1478 1533 1504 Moll.
1559 1477 1605 1503 des
1628 1477 1730 1504 Amurl.
1757 1478 1830 1505 1861.
1849 1478 1900 1505 vol.
1918 1478 1943 1504 2.

335 1526 397 1552 pag.
418 1518 476 1545 353.
496 1518 561 1545 Tab.
584 1519 622 1545 16.
642 1520 687 1552 fig.
707 1520 730 1545 5.
767 1519 916 1545 Lischke
935 1520 995 1554 Jap.
1016 1521 1050 1546 M.
1072 1520 1172 1546 Conch.
1192 1521 1243 1547 vol.
1263 1520 1286 1546 3.
1307 1528 1370 1554 pag.
1391 1521 1432 1547 67.
1452 1520 1517 1547 Tab.
1537 1520 1560 1546 4.
1581 1520 1625 1553 fig.
1644 1521 1679 1552 4.‚
1697 1527 1752 1547 var.
1772 1521 1816 1554 fig.
1836 1521 1859 1547 5.
1879 1521 1902 1548 6.

232 1578 369 1610 Tsusaki
392 1579 425 1609 in
448 1579 541 1610 litore
563 1579 720 1619 Japoniae
744 1580 945 1619 occidentali,
970 1581 1005 1612 A.
1031 1581 1160 1620 Adams,
1186 1582 1278 1612 sinus
1301 1581 1491 1620 Jessoensis‚
1516 1581 1662 1612 Lischke.

231 1634 320 1665 Duae
343 1633 515 1665 varietates
538 1636 679 1673 exstant,
704 1635 805 1666 altera
830 1636 972 1667 colorata
994 1637 1111 1676 typica,
1136 1636 1237 1668 altera
1263 1639 1332 1668 tota
1354 1637 1437 1668 alba.

233 1688 376 1720 Trochus
396 1688 610 1720 Adamsianus
633 1689 795 1721 Schrenck
815 1691 883 1721 sine
901 1691 998 1722 (lubio
1012 1692 1052 1722 ad
1065 1691 1148 1723 hanc
1165 1692 1327 1723 cochleam
1343 1692 1492 1733 pertinet,
1504 1694 1541 1723 ut
1550 1691 1617 1731 jam
1634 1691 1784 1732 exposuit
1799 1691 1945 1722 Lischke.

233 1743 313 1775 Clar.
339 1744 377 1775 de
401 1743 563 1775 Schrenck
598 1755 699 1785 genus
733 1745 886 1777 Turcicae
917 1757 981 1778 non
1015 1747 1246 1788 comprobavit.
1293 1747 1365 1779 Mea
1393 1747 1544 1788 opinione
1566 1749 1637 1778 tota
1660 1749 1762 1778 testae
1796 1746 1944 1778 formatio

77 1801 174 1839 atque
200 1799 321 1830 indoles
344 1801 411 1830 tam
435 1799 613 1839 singulares
637 1803 713 1832 sunt
737 1802 926 1841 praesertim
951 1805 1098 1842 respectu
1122 1802 1234 1833 habito
1258 1803 1476 1843 peristomatis
1493 1805 1525 1834 et
1541 1802 1739 1834 collumellae
1763 1802 1945 1843 biplicatae⁷

74 1856 111 1885 ut
134 1854 247 1887 eodem
269 1854 340 1895 jure
362 1866 464 1895 genus
488 1856 649 1896 proprium
674 1856 706 1886 in
724 1867 792 1887 eam
817 1857 969 1888 fundetur
993 1869 1056 1898 quo
1081 1859 1113 1889 in
1138 1858 1209 1889 aliis
1235 1858 1432 1890 Trochorum
1456 1858 1566 1889 formis
1589 1859 1696 1888 creata
1719 1859 1795 1888 sunt
1818 1868 1943 1897 genera.

665 1940 844 1972 Turcica
877 1943 1088 1973 concinna
1120 1943 1156 1973 A.
1188 1943 1345 1974 Adams.

283 2005 358 2031 Proc.
378 2005 449 2032 Zool.
469 2006 526 2032 Soc.
548 2006 622 2033 1863.
642 2015 704 2040 pag.
725 2008 783 2034 508.

229 2064 347 2105 Uraga,
372 2065 500 2097 Adams.

704 2121 883 2154 Turcica
915 2122 1142 2154 Coreensis
1173 2122 1312 2154 Pease.

283 2181 359 2208 Proc.
379 2182 449 2209 Zool.
469 2182 527 2209 Soc.
549 2183 623 2209 1860.
643 2191 705 2216 pag.
727 2184 783 2210 189.

233 2237 364 2269 Fretum
388 2237 576 2269 Coreanum.

591 2306 769 2338 Turcica
799 2308 1007 2339 instricta
1038 2307 1172 2339 Gould
1205 2308 1425 2350 (Trochus).

282 2363 347 2389 Otia
366 2363 463 2390 Conch.
483 2372 545 2398 pag.
565 2364 624 2391 245.

228 2415 489 2447 Satanomosaki.

229 2470 404 2502 Bestiolam
427 2471 524 2502 huius
547 2473 662 2513 speciei
687 2472 889 2505 Gouldianae
914 2475 950 2505 Α.
977 2474 1097 2505 Adams
1121 2475 1153 2505 in
1178 2475 1260 2506 Ann.
1285 2475 1348 2506 and
1372 2476 1455 2516 Mag.
1480 2476 1516 2507 of
1537 2476 1609 2508 Nat.
1633 2477 1715 2508 Hist.
1740 2488 1781 2508 m.
1806 2477 1897 2508 Febr.
1914 2488 1943 2509 a.

75 2525 167 2557 1864.
193 2536 264 2567 pag.
291 2525 362 2557 143.
387 2526 563 2567 descripsit.

230 2581 399 2612 Praeterea
432 2581 567 2613 Tui-oica
599 2583 781 2614 monilifera
806 2583 841 2614 A.
867 2583 986 2615 Adams
1022 2584 1124 2624 (Proc.
1158 2585 1245 2616 Zool.
1278 2585 1349 2617 Soc.
1385 2585 1475 2617 1854.
1508 2596 1579 2627 pag.
1612 2586 1676 2626 37.)
1702 2589 1733 2618 et
1756 2587 1790 2618 T.
1815 2587 1945 2619 stellata

75 2634 112 2667 A.
137 2635 257 2668 Adams
281 2636 384 2677 (Proc.
407 2636 495 2668 Zool.
519 2636 590 2668 Soc.
618 2637 709 2668 1863.
735 2649 806 2679 pag.
833 2638 930 2679 508),
954 2639 1033 2670 haec
1056 2640 1153 2671 maris
1177 2639 1332 2679 Siansis,
1357 2641 1411 2672 illa
1434 2641 1615 2673 Australiae
1637 2642 1856 2674 innotuerunt.
