<?xml version="1.0" encoding="UTF-8"?>
<!DOCTYPE html PUBLIC "-//W3C//DTD XHTML 1.0 Transitional//EN"
    "http://www.w3.org/TR/xhtml1/DTD/xhtml1-transitional.dtd">
<html xmlns="http://www.w3.org/1999/xhtml" xml:lang="en" lang="en">
 <head>
  <title>
</title>
<meta http-equiv="Content-Type" content="text/html;charset=utf-8" />
  <meta name='ocr-system' content='tesseract 3.04.00' />
  <meta name='ocr-capabilities' content='ocr_page ocr_carea ocr_par ocr_line ocrx_word'/>
</head>
<body>
  <div class='ocr_page' id='page_1' title='image "./indexmolluscorum00dunk_0239.png"; bbox 0 0 2379 3382; ppageno 0'>
   <div class='ocr_carea' id='block_1_1' title="bbox 930 202 1162 233">
    <p class='ocr_par' dir='ltr' id='par_1_1' title="bbox 930 202 1162 233">
     <span class='ocr_line' id='line_1_1' title="bbox 930 202 1162 233; baseline 0 0"><span class='ocrx_word' id='word_1_1' title='bbox 930 202 1162 233; x_wconf 75' lang='lat'>-225-</span> 
     </span>
    </p>
   </div>
   <div class='ocr_carea' id='block_1_2' title="bbox 120 287 1957 623">
    <p class='ocr_par' dir='ltr' id='par_1_2' title="bbox 120 287 1957 623">
     <span class='ocr_line' id='line_1_2' title="bbox 713 287 1366 328; baseline 0.002 -9"><span class='ocrx_word' id='word_1_2' title='bbox 713 287 961 320; x_wconf 88' lang='lat' dir='ltr'>Modiolaria</span> <span class='ocrx_word' id='word_1_3' title='bbox 993 288 1112 328; x_wconf 90' lang='lat' dir='ltr'>pusio</span> <span class='ocrx_word' id='word_1_4' title='bbox 1144 287 1178 318; x_wconf 89' lang='lat' dir='ltr'>A.</span> <span class='ocrx_word' id='word_1_5' title='bbox 1210 288 1366 320; x_wconf 67' lang='lat' dir='ltr'>Adams.</span> 
     </span>
     <span class='ocr_line' id='line_1_3' title="bbox 327 353 1082 388; baseline 0.003 -10"><span class='ocrx_word' id='word_1_6' title='bbox 327 354 392 379; x_wconf 79' lang='lat' dir='ltr'>Anu.</span> <span class='ocrx_word' id='word_1_7' title='bbox 413 353 465 379; x_wconf 85' lang='lat' dir='ltr'>and</span> <span class='ocrx_word' id='word_1_8' title='bbox 485 354 554 387; x_wconf 84' lang='lat' dir='ltr'>Mag.</span> <span class='ocrx_word' id='word_1_9' title='bbox 575 354 638 380; x_wconf 82' lang='lat' dir='ltr'>Nat.</span> <span class='ocrx_word' id='word_1_10' title='bbox 658 354 729 382; x_wconf 80' lang='lat' dir='ltr'>Hist.</span> <span class='ocrx_word' id='word_1_11' title='bbox 751 355 829 381; x_wconf 84' lang='lat' dir='ltr'>Mart.</span> <span class='ocrx_word' id='word_1_12' title='bbox 851 355 924 381; x_wconf 78' lang='lat'>1862.</span> <span class='ocrx_word' id='word_1_13' title='bbox 944 362 1004 388; x_wconf 85' lang='lat' dir='ltr'>pag.</span> <span class='ocrx_word' id='word_1_14' title='bbox 1025 354 1082 381; x_wconf 81' lang='lat'>229.</span> 
     </span>
     <span class='ocr_line' id='line_1_4' title="bbox 275 413 492 445; baseline 0.005 -1"><span class='ocrx_word' id='word_1_15' title='bbox 275 413 492 445; x_wconf 81' lang='lat' dir='ltr'>Mino-shima.</span> 
     </span>
     <span class='ocr_line' id='line_1_5' title="bbox 278 469 1957 512; baseline 0.003 -11"><span class='ocrx_word' id='word_1_16' title='bbox 278 469 392 510; x_wconf 84' lang='lat' dir='ltr'>„Testa</span> <span class='ocrx_word' id='word_1_17' title='bbox 407 471 612 502; x_wconf 72' lang='lat' dir='ltr'><strong>transversim</strong></span> <span class='ocrx_word' id='word_1_18' title='bbox 627 471 775 512; x_wconf 78' lang='lat' dir='ltr'>oblonga,</span> <span class='ocrx_word' id='word_1_19' title='bbox 800 471 938 511; x_wconf 87' lang='lat' dir='ltr'>obliqua,</span> <span class='ocrx_word' id='word_1_20' title='bbox 956 482 1061 511; x_wconf 74' lang='lat' dir='ltr'>parva,</span> <span class='ocrx_word' id='word_1_21' title='bbox 1084 472 1199 511; x_wconf 75' lang='lat' dir='ltr'>tenuis,</span> <span class='ocrx_word' id='word_1_22' title='bbox 1224 472 1321 508; x_wconf 71' lang='lat' dir='ltr'>fusca,</span> <span class='ocrx_word' id='word_1_23' title='bbox 1345 472 1449 503; x_wconf 82' lang='lat' dir='ltr'>antice</span> <span class='ocrx_word' id='word_1_24' title='bbox 1465 472 1579 512; x_wconf 77' lang='lat' dir='ltr'>brevis,</span> <span class='ocrx_word' id='word_1_25' title='bbox 1603 473 1741 506; x_wconf 80' lang='lat' dir='ltr'>costellis</span> <span class='ocrx_word' id='word_1_26' title='bbox 1758 475 1957 506; x_wconf 82' lang='lat' dir='ltr'>radiantibus</span> 
     </span>
     <span class='ocr_line' id='line_1_6' title="bbox 120 525 1690 567; baseline 0.003 -11"><span class='ocrx_word' id='word_1_27' title='bbox 120 525 271 565; x_wconf 85' lang='lat' dir='ltr'>utrinque</span> <span class='ocrx_word' id='word_1_28' title='bbox 294 528 416 564; x_wconf 79' lang='lat' dir='ltr'>ornata,</span> <span class='ocrx_word' id='word_1_29' title='bbox 440 526 564 557; x_wconf 81' lang='lat' dir='ltr'>lineolis</span> <span class='ocrx_word' id='word_1_30' title='bbox 588 526 772 558; x_wconf 86' lang='lat' dir='ltr'>incrementi</span> <span class='ocrx_word' id='word_1_31' title='bbox 797 527 1004 558; x_wconf 87' lang='lat' dir='ltr'>concentricis</span> <span class='ocrx_word' id='word_1_32' title='bbox 1028 527 1181 564; x_wconf 76' lang='lat' dir='ltr'>striolata,</span> <span class='ocrx_word' id='word_1_33' title='bbox 1206 538 1314 567; x_wconf 84' lang='lat' dir='ltr'>margo</span> <span class='ocrx_word' id='word_1_34' title='bbox 1338 528 1457 559; x_wconf 87' lang='lat' dir='ltr'>ventris</span> <span class='ocrx_word' id='word_1_35' title='bbox 1480 528 1690 560; x_wconf 84' lang='lat' dir='ltr'>crenulatus.“</span> 
     </span>
     <span class='ocr_line' id='line_1_7' title="bbox 276 581 1674 623; baseline 0.002 -11"><span class='ocrx_word' id='word_1_36' title='bbox 276 581 360 612; x_wconf 83' lang='lat' dir='ltr'>Haec</span> <span class='ocrx_word' id='word_1_37' title='bbox 383 581 478 613; x_wconf 85' lang='lat' dir='ltr'>verba</span> <span class='ocrx_word' id='word_1_38' title='bbox 501 582 579 613; x_wconf 83' lang='lat' dir='ltr'>satis</span> <span class='ocrx_word' id='word_1_39' title='bbox 602 582 761 622; x_wconf 80' lang='lat' dir='ltr'><strong>quadrant</strong></span> <span class='ocrx_word' id='word_1_40' title='bbox 784 583 820 613; x_wconf 87' lang='lat' dir='ltr'>in-</span> <span class='ocrx_word' id='word_1_41' title='bbox 839 582 1008 623; x_wconf 77' lang='lat' dir='ltr'>specimen,</span> <span class='ocrx_word' id='word_1_42' title='bbox 1034 583 1118 623; x_wconf 89' lang='lat' dir='ltr'>quod</span> <span class='ocrx_word' id='word_1_43' title='bbox 1142 582 1261 614; x_wconf 84' lang='lat' dir='ltr'>Halioti</span> <span class='ocrx_word' id='word_1_44' title='bbox 1284 583 1452 623; x_wconf 82' lang='lat' dir='ltr'>giganteae</span> <span class='ocrx_word' id='word_1_45' title='bbox 1475 584 1674 616; x_wconf 77' lang='lat' dir='ltr'>adhaerebat.</span> 
     </span>
    </p>
   </div>
   <div class='ocr_carea' id='block_1_3' title="bbox 587 689 1486 729">
    <p class='ocr_par' dir='ltr' id='par_1_3' title="bbox 587 689 1486 729">
     <span class='ocr_line' id='line_1_8' title="bbox 587 689 1486 729; baseline 0 -9"><span class='ocrx_word' id='word_1_46' title='bbox 587 689 839 721; x_wconf 87' lang='lat' dir='ltr'>Modiolaria</span> <span class='ocrx_word' id='word_1_47' title='bbox 870 690 1106 721; x_wconf 73' lang='lat' dir='ltr'>divaricata</span> <span class='ocrx_word' id='word_1_48' title='bbox 1136 689 1238 720; x_wconf 88' lang='lat' dir='ltr'>Phil.</span> <span class='ocrx_word' id='word_1_49' title='bbox 1270 689 1486 729; x_wconf 76' lang='lat' dir='ltr'>(Modiola).</span> 
     </span>
    </p>
   </div>
   <div class='ocr_carea' id='block_1_4' title="bbox 121 756 1961 1116">
    <p class='ocr_par' dir='ltr' id='par_1_4' title="bbox 328 756 1957 834">
     <span class='ocr_line' id='line_1_9' title="bbox 328 756 1957 791; baseline 0.001 -9"><span class='ocrx_word' id='word_1_50' title='bbox 328 756 394 783; x_wconf 71' lang='grc' dir='ltr'>ΑΜ).</span> <span class='ocrx_word' id='word_1_51' title='bbox 414 757 464 783; x_wconf 92' lang='lat' dir='ltr'>vol.</span> <span class='ocrx_word' id='word_1_52' title='bbox 483 757 506 783; x_wconf 84' lang='lat'>3.</span> <span class='ocrx_word' id='word_1_53' title='bbox 526 765 585 791; x_wconf 84' lang='lat' dir='ltr'>pag.</span> <span class='ocrx_word' id='word_1_54' title='bbox 605 757 645 784; x_wconf 84' lang='grc'>21,</span> <span class='ocrx_word' id='word_1_55' title='bbox 666 757 781 783; x_wconf 86' lang='lat' dir='ltr'>Modiola</span> <span class='ocrx_word' id='word_1_56' title='bbox 807 757 870 783; x_wconf 87' lang='lat' dir='ltr'>Tab.</span> <span class='ocrx_word' id='word_1_57' title='bbox 889 757 912 783; x_wconf 87' lang='lat'>2.</span> <span class='ocrx_word' id='word_1_58' title='bbox 932 758 976 790; x_wconf 73' lang='lat' dir='ltr'>fig.</span> <span class='ocrx_word' id='word_1_59' title='bbox 997 758 1019 783; x_wconf 81' lang='grc'>8.</span> <span class='ocrx_word' id='word_1_60' title='bbox 1057 756 1281 783; x_wconf 85' lang='lat' dir='ltr'>Lithodomus</span> <span class='ocrx_word' id='word_1_61' title='bbox 1310 756 1509 783; x_wconf 80' lang='lat' dir='ltr'>divaricata</span> <span class='ocrx_word' id='word_1_62' title='bbox 1540 758 1647 783; x_wconf 66' lang='lat' dir='ltr'>Reevo</span> <span class='ocrx_word' id='word_1_63' title='bbox 1673 758 1768 784; x_wconf 84' lang='lat' dir='ltr'>Conch.</span> <span class='ocrx_word' id='word_1_64' title='bbox 1795 758 1860 784; x_wconf 73' lang='lat' dir='ltr'>icon.</span> <span class='ocrx_word' id='word_1_65' title='bbox 1887 758 1957 785; x_wconf 72' lang='lat' dir='ltr'>Lith.</span> 
     </span>
     <span class='ocr_line' id='line_1_10' title="bbox 378 799 1185 834; baseline 0.001 -9"><span class='ocrx_word' id='word_1_66' title='bbox 378 800 421 831; x_wconf 63' lang='lat' dir='ltr'>fig.</span> <span class='ocrx_word' id='word_1_67' title='bbox 442 800 481 826; x_wconf 82' lang='lat'>34.</span> <span class='ocrx_word' id='word_1_68' title='bbox 518 799 665 826; x_wconf 82' lang='lat' dir='ltr'>Lischke</span> <span class='ocrx_word' id='word_1_69' title='bbox 684 800 744 834; x_wconf 84' lang='lat' dir='ltr'>Jap.</span> <span class='ocrx_word' id='word_1_70' title='bbox 764 801 797 826; x_wconf 89' lang='lat' dir='ltr'>M.</span> <span class='ocrx_word' id='word_1_71' title='bbox 818 800 913 826; x_wconf 85' lang='lat' dir='ltr'>Conch.</span> <span class='ocrx_word' id='word_1_72' title='bbox 934 801 983 826; x_wconf 89' lang='lat' dir='ltr'>vol.</span> <span class='ocrx_word' id='word_1_73' title='bbox 1004 801 1026 826; x_wconf 85' lang='lat'>2.</span> <span class='ocrx_word' id='word_1_74' title='bbox 1047 809 1109 834; x_wconf 82' lang='lat' dir='ltr'>pag.</span> <span class='ocrx_word' id='word_1_75' title='bbox 1130 799 1185 826; x_wconf 82' lang='lat'>148.</span> 
     </span>
    </p>

    <p class='ocr_par' dir='ltr' id='par_1_5' title="bbox 275 860 877 902">
     <span class='ocr_line' id='line_1_11' title="bbox 275 860 877 902; baseline 0.002 -10"><span class='ocrx_word' id='word_1_76' title='bbox 275 860 457 902; x_wconf 86' lang='lat' dir='ltr'>Specimina</span> <span class='ocrx_word' id='word_1_77' title='bbox 479 862 540 892; x_wconf 86' lang='lat' dir='ltr'>tria</span> <span class='ocrx_word' id='word_1_78' title='bbox 563 861 717 902; x_wconf 81' lang='lat' dir='ltr'>Japonica</span> <span class='ocrx_word' id='word_1_79' title='bbox 739 864 877 893; x_wconf 84' lang='lat' dir='ltr'>exstant.</span> 
     </span>
    </p>

    <p class='ocr_par' dir='ltr' id='par_1_6' title="bbox 121 917 1961 1069">
     <span class='ocr_line' id='line_1_12' title="bbox 276 917 1961 958; baseline 0.001 -10"><span class='ocrx_word' id='word_1_80' title='bbox 276 917 360 948; x_wconf 88' lang='lat' dir='ltr'>Haec</span> <span class='ocrx_word' id='word_1_81' title='bbox 391 917 553 954; x_wconf 69' lang='lat' dir='ltr'>conchula.</span> <span class='ocrx_word' id='word_1_82' title='bbox 588 917 751 958; x_wconf 86' lang='lat' dir='ltr'>sculptura</span> <span class='ocrx_word' id='word_1_83' title='bbox 782 917 1020 958; x_wconf 79' lang='lat' dir='ltr'>elegantissima</span> <span class='ocrx_word' id='word_1_84' title='bbox 1053 917 1198 958; x_wconf 84' lang='lat' dir='ltr'>insignis,</span> <span class='ocrx_word' id='word_1_85' title='bbox 1232 917 1347 957; x_wconf 87' lang='lat' dir='ltr'>pariter</span> <span class='ocrx_word' id='word_1_86' title='bbox 1371 928 1410 948; x_wconf 87' lang='lat' dir='ltr'>ex</span> <span class='ocrx_word' id='word_1_87' title='bbox 1434 917 1561 949; x_wconf 77' lang='lat' dir='ltr'>Antillis</span> <span class='ocrx_word' id='word_1_88' title='bbox 1597 918 1708 949; x_wconf 88' lang='lat' dir='ltr'>insulis</span> <span class='ocrx_word' id='word_1_89' title='bbox 1732 920 1763 949; x_wconf 82' lang='lat' dir='ltr'>et</span> <span class='ocrx_word' id='word_1_90' title='bbox 1786 918 1961 949; x_wconf 81' lang='lat' dir='ltr'>Venezuela</span> 
     </span>
     <span class='ocr_line' id='line_1_13' title="bbox 121 971 1961 1013; baseline 0.001 -10"><span class='ocrx_word' id='word_1_91' title='bbox 121 973 274 1013; x_wconf 86' lang='lat' dir='ltr'>provenit.</span> <span class='ocrx_word' id='word_1_92' title='bbox 323 971 459 1004; x_wconf 88' lang='lat' dir='ltr'>Corallia</span> <span class='ocrx_word' id='word_1_93' title='bbox 483 973 636 1004; x_wconf 87' lang='lat' dir='ltr'>nonnulla</span> <span class='ocrx_word' id='word_1_94' title='bbox 659 984 678 1004; x_wconf 87' lang='lat' dir='ltr'>a</span> <span class='ocrx_word' id='word_1_95' title='bbox 701 973 794 1004; x_wconf 86' lang='lat' dir='ltr'>beato</span> <span class='ocrx_word' id='word_1_96' title='bbox 818 972 954 1013; x_wconf 82' lang='lat' dir='ltr'>Georgio</span> <span class='ocrx_word' id='word_1_97' title='bbox 978 973 1072 1004; x_wconf 88' lang='lat' dir='ltr'>Tams</span> <span class='ocrx_word' id='word_1_98' title='bbox 1096 973 1256 1013; x_wconf 87' lang='lat' dir='ltr'>quondam</span> <span class='ocrx_word' id='word_1_99' title='bbox 1280 975 1410 1013; x_wconf 83' lang='lat' dir='ltr'>accepta</span> <span class='ocrx_word' id='word_1_100' title='bbox 1433 984 1528 1013; x_wconf 82' lang='lat' dir='ltr'>prope</span> <span class='ocrx_word' id='word_1_101' title='bbox 1552 973 1647 1004; x_wconf 85' lang='lat' dir='ltr'>Porto</span> <span class='ocrx_word' id='word_1_102' title='bbox 1671 973 1800 1004; x_wconf 77' lang='lat' dir='ltr'>Cabello</span> <span class='ocrx_word' id='word_1_103' title='bbox 1829 974 1961 1005; x_wconf 86' lang='lat' dir='ltr'>collecta</span> 
     </span>
     <span class='ocr_line' id='line_1_14' title="bbox 123 1027 721 1069; baseline 0.002 -11"><span class='ocrx_word' id='word_1_104' title='bbox 123 1027 181 1059; x_wconf 88' lang='lat' dir='ltr'>hac</span> <span class='ocrx_word' id='word_1_105' title='bbox 204 1028 308 1069; x_wconf 85' lang='lat' dir='ltr'>specie</span> <span class='ocrx_word' id='word_1_106' title='bbox 331 1029 460 1069; x_wconf 82' lang='lat' dir='ltr'>penitus</span> <span class='ocrx_word' id='word_1_107' title='bbox 484 1028 614 1068; x_wconf 86' lang='lat' dir='ltr'>impleta</span> <span class='ocrx_word' id='word_1_108' title='bbox 637 1030 721 1059; x_wconf 83' lang='lat' dir='ltr'>sunt.</span> 
     </span>
    </p>

    <p class='ocr_par' dir='ltr' id='par_1_7' title="bbox 276 1083 1124 1116">
     <span class='ocr_line' id='line_1_15' title="bbox 276 1083 1124 1116; baseline -0.001 -1"><span class='ocrx_word' id='word_1_109' title='bbox 276 1083 356 1115; x_wconf 86' lang='lat' dir='ltr'>Clar.</span> <span class='ocrx_word' id='word_1_110' title='bbox 382 1084 518 1115; x_wconf 87' lang='lat' dir='ltr'>Lischke</span> <span class='ocrx_word' id='word_1_111' title='bbox 542 1084 560 1115; x_wconf 93' lang='lat' dir='ltr'>l.</span> <span class='ocrx_word' id='word_1_112' title='bbox 584 1084 604 1115; x_wconf 88' lang='lat' dir='ltr'>l.</span> <span class='ocrx_word' id='word_1_113' title='bbox 630 1095 697 1115; x_wconf 88' lang='lat' dir='ltr'>eam</span> <span class='ocrx_word' id='word_1_114' title='bbox 721 1085 899 1116; x_wconf 78' lang='lat' dir='ltr'>accuratius</span> <span class='ocrx_word' id='word_1_115' title='bbox 922 1084 1124 1115; x_wconf 74' lang='lat' dir='ltr'>examinavit.</span> 
     </span>
    </p>
   </div>
   <div class='ocr_carea' id='block_1_5' title="bbox 327 1190 1825 1293">
    <p class='ocr_par' dir='ltr' id='par_1_8' title="bbox 327 1190 1825 1293">
     <span class='ocr_line' id='line_1_16' title="bbox 506 1190 1573 1232; baseline -0.001 -9"><span class='ocrx_word' id='word_1_116' title='bbox 506 1191 755 1223; x_wconf 88' lang='lat' dir='ltr'>Modiolaria</span> <span class='ocrx_word' id='word_1_117' title='bbox 785 1192 1072 1232; x_wconf 84' lang='lat' dir='ltr'>semigranata</span> <span class='ocrx_word' id='word_1_118' title='bbox 1103 1192 1235 1223; x_wconf 81' lang='lat' dir='ltr'>Reeve</span> <span class='ocrx_word' id='word_1_119' title='bbox 1266 1190 1573 1232; x_wconf 87' lang='lat' dir='ltr'>(Lithodomus).</span> 
     </span>
     <span class='ocr_line' id='line_1_17' title="bbox 327 1258 1825 1293; baseline -0.001 -7"><span class='ocrx_word' id='word_1_120' title='bbox 327 1259 424 1286; x_wconf 86' lang='lat' dir='ltr'>Conch.</span> <span class='ocrx_word' id='word_1_121' title='bbox 444 1260 511 1286; x_wconf 87' lang='lat' dir='ltr'>icon.</span> <span class='ocrx_word' id='word_1_122' title='bbox 532 1259 604 1286; x_wconf 82' lang='lat' dir='ltr'>Lith.</span> <span class='ocrx_word' id='word_1_123' title='bbox 623 1260 667 1293; x_wconf 80' lang='lat' dir='ltr'>fig.</span> <span class='ocrx_word' id='word_1_124' title='bbox 688 1259 727 1286; x_wconf 84' lang='lat'>28.</span> <span class='ocrx_word' id='word_1_125' title='bbox 764 1259 907 1285; x_wconf 83' lang='lat' dir='ltr'>Lischke</span> <span class='ocrx_word' id='word_1_126' title='bbox 926 1259 984 1293; x_wconf 85' lang='lat' dir='ltr'>Jap.</span> <span class='ocrx_word' id='word_1_127' title='bbox 1005 1260 1038 1285; x_wconf 88' lang='lat' dir='ltr'>M.</span> <span class='ocrx_word' id='word_1_128' title='bbox 1060 1259 1155 1285; x_wconf 84' lang='lat' dir='ltr'>Conch.</span> <span class='ocrx_word' id='word_1_129' title='bbox 1175 1258 1224 1285; x_wconf 85' lang='lat' dir='ltr'>vol.</span> <span class='ocrx_word' id='word_1_130' title='bbox 1245 1259 1267 1285; x_wconf 85' lang='lat'>3.</span> <span class='ocrx_word' id='word_1_131' title='bbox 1288 1267 1350 1292; x_wconf 70' lang='lat' dir='ltr'>pag.</span> <span class='ocrx_word' id='word_1_132' title='bbox 1372 1259 1427 1285; x_wconf 85' lang='lat'>110.</span> <span class='ocrx_word' id='word_1_133' title='bbox 1448 1258 1511 1285; x_wconf 89' lang='lat' dir='ltr'>Tab.</span> <span class='ocrx_word' id='word_1_134' title='bbox 1531 1259 1554 1285; x_wconf 77' lang='grc'>9.</span> <span class='ocrx_word' id='word_1_135' title='bbox 1574 1260 1618 1291; x_wconf 68' lang='lat' dir='ltr'>fig.</span> <span class='ocrx_word' id='word_1_136' title='bbox 1641 1259 1677 1285; x_wconf 80' lang='lat'>18.</span> <span class='ocrx_word' id='word_1_137' title='bbox 1702 1259 1738 1285; x_wconf 75' lang='lat'>19.</span> <span class='ocrx_word' id='word_1_138' title='bbox 1761 1259 1791 1285; x_wconf 72' lang='lat'>19</span> <span class='ocrx_word' id='word_1_139' title='bbox 1803 1268 1825 1285; x_wconf 87' lang='lat' dir='ltr'>a.</span> 
     </span>
    </p>
   </div>
   <div class='ocr_carea' id='block_1_6' title="bbox 121 1320 1961 1529">
    <p class='ocr_par' dir='ltr' id='par_1_9' title="bbox 275 1320 570 1353">
     <span class='ocr_line' id='line_1_18' title="bbox 275 1320 570 1353; baseline 0.003 -1"><span class='ocrx_word' id='word_1_140' title='bbox 275 1320 372 1352; x_wconf 85' lang='lat' dir='ltr'>Sinus</span> <span class='ocrx_word' id='word_1_141' title='bbox 395 1321 570 1353; x_wconf 70' lang='lat' dir='ltr'>Jedoensis.</span> 
     </span>
    </p>

    <p class='ocr_par' dir='ltr' id='par_1_10' title="bbox 275 1375 1268 1418">
     <span class='ocr_line' id='line_1_19' title="bbox 275 1375 1268 1418; baseline -0.002 -10"><span class='ocrx_word' id='word_1_142' title='bbox 275 1375 428 1417; x_wconf 84' lang='lat' dir='ltr'>Singulae</span> <span class='ocrx_word' id='word_1_143' title='bbox 451 1377 560 1408; x_wconf 84' lang='lat' dir='ltr'>valvae</span> <span class='ocrx_word' id='word_1_144' title='bbox 582 1379 721 1414; x_wconf 78' lang='lat' dir='ltr'>exstant,</span> <span class='ocrx_word' id='word_1_145' title='bbox 745 1388 826 1417; x_wconf 83' lang='lat' dir='ltr'>quae</span> <span class='ocrx_word' id='word_1_146' title='bbox 849 1377 909 1408; x_wconf 82' lang='lat' dir='ltr'>huc</span> <span class='ocrx_word' id='word_1_147' title='bbox 933 1377 1088 1418; x_wconf 78' lang='lat' dir='ltr'>pertinere</span> <span class='ocrx_word' id='word_1_148' title='bbox 1113 1376 1268 1407; x_wconf 79' lang='lat' dir='ltr'>videntur.</span> 
     </span>
    </p>

    <p class='ocr_par' dir='ltr' id='par_1_11' title="bbox 121 1432 1961 1529">
     <span class='ocr_line' id='line_1_20' title="bbox 277 1432 1961 1473; baseline -0.001 -10"><span class='ocrx_word' id='word_1_149' title='bbox 277 1433 360 1464; x_wconf 83' lang='lat' dir='ltr'>Haec</span> <span class='ocrx_word' id='word_1_150' title='bbox 383 1435 414 1465; x_wconf 89' lang='lat' dir='ltr'>et</span> <span class='ocrx_word' id='word_1_151' title='bbox 438 1434 628 1465; x_wconf 82' lang='lat' dir='ltr'>antecedens</span> <span class='ocrx_word' id='word_1_152' title='bbox 662 1434 790 1473; x_wconf 82' lang='lat' dir='ltr'>species,</span> <span class='ocrx_word' id='word_1_153' title='bbox 824 1433 1010 1464; x_wconf 85' lang='lat' dir='ltr'>Modiolaria</span> <span class='ocrx_word' id='word_1_154' title='bbox 1044 1435 1204 1464; x_wconf 83' lang='lat' dir='ltr'>coarctata</span> <span class='ocrx_word' id='word_1_155' title='bbox 1236 1432 1310 1463; x_wconf 88' lang='lat' dir='ltr'>Dkr.</span> <span class='ocrx_word' id='word_1_156' title='bbox 1342 1432 1484 1472; x_wconf 84' lang='lat' dir='ltr'>aliaeque</span> <span class='ocrx_word' id='word_1_157' title='bbox 1517 1432 1688 1463; x_wconf 67' lang='lat' dir='ltr'>sectionem</span> <span class='ocrx_word' id='word_1_158' title='bbox 1723 1432 1961 1472; x_wconf 80' lang='lat' dir='ltr'>Mytilaceorum</span> 
     </span>
     <span class='ocr_line' id='line_1_21' title="bbox 121 1488 1099 1529; baseline -0.001 -9"><span class='ocrx_word' id='word_1_159' title='bbox 121 1489 257 1520; x_wconf 80' lang='lat' dir='ltr'>formant</span> <span class='ocrx_word' id='word_1_160' title='bbox 282 1489 364 1521; x_wconf 83' lang='lat' dir='ltr'>inter</span> <span class='ocrx_word' id='word_1_161' title='bbox 387 1489 590 1521; x_wconf 86' lang='lat' dir='ltr'>Modiolarias</span> <span class='ocrx_word' id='word_1_162' title='bbox 614 1492 643 1520; x_wconf 88' lang='lat' dir='ltr'>et</span> <span class='ocrx_word' id='word_1_163' title='bbox 668 1489 884 1529; x_wconf 81' lang='lat' dir='ltr'>Lithophagas</span> <span class='ocrx_word' id='word_1_164' title='bbox 909 1488 1099 1528; x_wconf 85' lang='lat' dir='ltr'>ambiguam.</span> 
     </span>
    </p>
   </div>
   <div class='ocr_carea' id='block_1_7' title="bbox 795 1624 1286 1659">
    <p class='ocr_par' dir='ltr' id='par_1_12' title="bbox 795 1624 1286 1659">
     <span class='ocr_line' id='line_1_22' title="bbox 795 1624 1286 1659; baseline -0.002 0"><span class='ocrx_word' id='word_1_165' title='bbox 795 1625 919 1659; x_wconf 81' lang='lat' dir='ltr'>Genus</span> <span class='ocrx_word' id='word_1_166' title='bbox 942 1624 1114 1659; x_wconf 81' lang='lat' dir='ltr'>Crenella</span> <span class='ocrx_word' id='word_1_167' title='bbox 1137 1624 1286 1659; x_wconf 84' lang='lat' dir='ltr'>Brown.</span> 
     </span>
    </p>
   </div>
   <div class='ocr_carea' id='block_1_8' title="bbox 327 1703 1700 1806">
    <p class='ocr_par' dir='ltr' id='par_1_13' title="bbox 327 1703 1700 1806">
     <span class='ocr_line' id='line_1_23' title="bbox 625 1703 1466 1744; baseline -0.001 -9"><span class='ocrx_word' id='word_1_168' title='bbox 625 1703 819 1735; x_wconf 78' lang='lat' dir='ltr'>Crenella</span> <span class='ocrx_word' id='word_1_169' title='bbox 850 1705 1074 1735; x_wconf 75' lang='lat' dir='ltr'>decussata</span> <span class='ocrx_word' id='word_1_170' title='bbox 1103 1703 1224 1735; x_wconf 87' lang='lat' dir='ltr'>Mont.</span> <span class='ocrx_word' id='word_1_171' title='bbox 1259 1703 1466 1744; x_wconf 84' lang='lat' dir='ltr'>(Mytilus).</span> 
     </span>
     <span class='ocr_line' id='line_1_24' title="bbox 327 1770 1700 1806; baseline -0.001 -8"><span class='ocrx_word' id='word_1_172' title='bbox 327 1773 398 1799; x_wconf 83' lang='lat' dir='ltr'>Tcst.</span> <span class='ocrx_word' id='word_1_173' title='bbox 421 1773 487 1798; x_wconf 78' lang='lat' dir='ltr'>Brit.</span> <span class='ocrx_word' id='word_1_174' title='bbox 507 1772 597 1806; x_wconf 76' lang='lat' dir='ltr'>Suppl.</span> <span class='ocrx_word' id='word_1_175' title='bbox 616 1780 677 1805; x_wconf 82' lang='lat' dir='ltr'>pag.</span> <span class='ocrx_word' id='word_1_176' title='bbox 698 1772 738 1798; x_wconf 82' lang='grc'>69.</span> <span class='ocrx_word' id='word_1_177' title='bbox 775 1771 798 1798; x_wconf 91' lang='lat' dir='ltr'>J.</span> <span class='ocrx_word' id='word_1_178' title='bbox 818 1772 850 1798; x_wconf 89' lang='lat' dir='ltr'>G.</span> <span class='ocrx_word' id='word_1_179' title='bbox 869 1771 1022 1805; x_wconf 80' lang='lat' dir='ltr'>Jeffreys</span> <span class='ocrx_word' id='word_1_180' title='bbox 1042 1772 1132 1797; x_wconf 85' lang='lat' dir='ltr'>Linn.</span> <span class='ocrx_word' id='word_1_181' title='bbox 1154 1771 1210 1797; x_wconf 78' lang='lat' dir='ltr'>Soc.</span> <span class='ocrx_word' id='word_1_182' title='bbox 1230 1771 1320 1797; x_wconf 85' lang='lat' dir='ltr'>Journ.</span> <span class='ocrx_word' id='word_1_183' title='bbox 1342 1771 1410 1797; x_wconf 77' lang='lat' dir='ltr'>Zool.</span> <span class='ocrx_word' id='word_1_184' title='bbox 1432 1770 1480 1796; x_wconf 86' lang='lat' dir='ltr'>vol.</span> <span class='ocrx_word' id='word_1_185' title='bbox 1504 1770 1541 1796; x_wconf 72' lang='lat'>14.</span> <span class='ocrx_word' id='word_1_186' title='bbox 1562 1778 1621 1804; x_wconf 68' lang='lat' dir='ltr'>pag.</span> <span class='ocrx_word' id='word_1_187' title='bbox 1642 1770 1700 1796; x_wconf 53' lang='lat'>419.</span> 
     </span>
    </p>
   </div>
   <div class='ocr_carea' id='block_1_9' title="bbox 274 1833 1959 1985">
    <p class='ocr_par' dir='ltr' id='par_1_14' title="bbox 274 1833 1959 1985">
     <span class='ocr_line' id='line_1_25' title="bbox 275 1833 613 1866; baseline -0.003 -1"><span class='ocrx_word' id='word_1_188' title='bbox 275 1834 403 1866; x_wconf 79' lang='lat' dir='ltr'>Fretum</span> <span class='ocrx_word' id='word_1_189' title='bbox 428 1833 613 1866; x_wconf 88' lang='lat' dir='ltr'>Coreanum.</span> 
     </span>
     <span class='ocr_line' id='line_1_26' title="bbox 275 1887 1582 1931; baseline -0.002 -10"><span class='ocrx_word' id='word_1_190' title='bbox 275 1890 403 1931; x_wconf 83' lang='lat' dir='ltr'>Species</span> <span class='ocrx_word' id='word_1_191' title='bbox 426 1889 488 1921; x_wconf 85' lang='lat' dir='ltr'>late</span> <span class='ocrx_word' id='word_1_192' title='bbox 513 1889 662 1930; x_wconf 77' lang='lat' dir='ltr'>dispersa,</span> <span class='ocrx_word' id='word_1_193' title='bbox 686 1889 870 1930; x_wconf 84' lang='lat' dir='ltr'>praesertim</span> <span class='ocrx_word' id='word_1_194' title='bbox 894 1889 925 1920; x_wconf 92' lang='lat' dir='ltr'>in</span> <span class='ocrx_word' id='word_1_195' title='bbox 949 1889 1132 1929; x_wconf 85' lang='lat' dir='ltr'>regionibus</span> <span class='ocrx_word' id='word_1_196' title='bbox 1155 1888 1457 1928; x_wconf 82' lang='lat' dir='ltr'>septentrionalibus</span> <span class='ocrx_word' id='word_1_197' title='bbox 1480 1887 1582 1918; x_wconf 85' lang='lat' dir='ltr'>obvia.</span> 
     </span>
     <span class='ocr_line' id='line_1_27' title="bbox 274 1942 1959 1985; baseline -0.003 -8"><span class='ocrx_word' id='word_1_198' title='bbox 274 1946 440 1978; x_wconf 87' lang='lat' dir='ltr'>Praeterea</span> <span class='ocrx_word' id='word_1_199' title='bbox 464 1946 535 1977; x_wconf 86' lang='lat' dir='ltr'>clar.</span> <span class='ocrx_word' id='word_1_200' title='bbox 562 1948 596 1977; x_wconf 88' lang='lat' dir='ltr'>A.</span> <span class='ocrx_word' id='word_1_201' title='bbox 621 1945 738 1977; x_wconf 83' lang='lat' dir='ltr'>Adams</span> <span class='ocrx_word' id='word_1_202' title='bbox 762 1956 817 1976; x_wconf 83' lang='lat' dir='ltr'>sex</span> <span class='ocrx_word' id='word_1_203' title='bbox 841 1944 1054 1976; x_wconf 86' lang='lat' dir='ltr'>Crenellarum</span> <span class='ocrx_word' id='word_1_204' title='bbox 1078 1944 1198 1985; x_wconf 80' lang='lat' dir='ltr'>species</span> <span class='ocrx_word' id='word_1_205' title='bbox 1220 1944 1392 1985; x_wconf 75' lang='lat' dir='ltr'>Japonicas</span> <span class='ocrx_word' id='word_1_206' title='bbox 1425 1943 1601 1983; x_wconf 78' lang='lat' dir='ltr'>descripsit,</span> <span class='ocrx_word' id='word_1_207' title='bbox 1626 1954 1706 1983; x_wconf 81' lang='lat' dir='ltr'>quae</span> <span class='ocrx_word' id='word_1_208' title='bbox 1731 1942 1959 1974; x_wconf 86' lang='lat' dir='ltr'>desiderantur.</span> 
     </span>
    </p>
   </div>
   <div class='ocr_carea' id='block_1_10' title="bbox 121 2001 1363 2248">
    <p class='ocr_par' dir='ltr' id='par_1_15' title="bbox 121 2001 1363 2248">
     <span class='ocr_line' id='line_1_28' title="bbox 121 2001 437 2034; baseline -0.003 0"><span class='ocrx_word' id='word_1_209' title='bbox 121 2001 203 2034; x_wconf 88' lang='lat' dir='ltr'>Sunt</span> <span class='ocrx_word' id='word_1_210' title='bbox 227 2013 300 2034; x_wconf 84' lang='lat' dir='ltr'>vero</span> <span class='ocrx_word' id='word_1_211' title='bbox 325 2002 437 2034; x_wconf 79' lang='lat' dir='ltr'>haece:</span> 
     </span>
     <span class='ocr_line' id='line_1_29' title="bbox 721 2043 1363 2084; baseline -0.003 -8"><span class='ocrx_word' id='word_1_212' title='bbox 721 2044 913 2076; x_wconf 87' lang='lat' dir='ltr'>Crenella</span> <span class='ocrx_word' id='word_1_213' title='bbox 944 2043 1200 2084; x_wconf 85' lang='lat' dir='ltr'>spectabilis</span> <span class='ocrx_word' id='word_1_214' title='bbox 1233 2043 1267 2074; x_wconf 88' lang='lat' dir='ltr'>A.</span> <span class='ocrx_word' id='word_1_215' title='bbox 1302 2043 1363 2074; x_wconf 87' lang='lat' dir='ltr'>Ad.</span> 
     </span>
     <span class='ocr_line' id='line_1_30' title="bbox 276 2088 490 2120; baseline -0.009 0"><span class='ocrx_word' id='word_1_216' title='bbox 276 2088 490 2120; x_wconf 88' lang='lat' dir='ltr'>Mino-shima.</span> 
     </span>
     <span class='ocr_line' id='line_1_31' title="bbox 752 2129 1335 2162; baseline -0.002 -1"><span class='ocrx_word' id='word_1_217' title='bbox 752 2129 945 2162; x_wconf 87' lang='lat' dir='ltr'>Crenella</span> <span class='ocrx_word' id='word_1_218' title='bbox 977 2130 1172 2161; x_wconf 84' lang='lat' dir='ltr'>decorata</span> <span class='ocrx_word' id='word_1_219' title='bbox 1204 2129 1239 2161; x_wconf 90' lang='lat' dir='ltr'>A.</span> <span class='ocrx_word' id='word_1_220' title='bbox 1272 2129 1335 2160; x_wconf 68' lang='lat' dir='ltr'>Ad.</span> 
     </span>
     <span class='ocr_line' id='line_1_32' title="bbox 275 2174 596 2206; baseline -0.003 0"><span class='ocrx_word' id='word_1_221' title='bbox 275 2175 390 2206; x_wconf 86' lang='lat' dir='ltr'>Portus</span> <span class='ocrx_word' id='word_1_222' title='bbox 414 2174 596 2206; x_wconf 86' lang='lat' dir='ltr'>Hamiltoni.</span> 
     </span>
     <span class='ocr_line' id='line_1_33' title="bbox 771 2214 1307 2248; baseline -0.006 0"><span class='ocrx_word' id='word_1_223' title='bbox 771 2216 967 2248; x_wconf 87' lang='lat' dir='ltr'>Crenella</span> <span class='ocrx_word' id='word_1_224' title='bbox 997 2227 1145 2248; x_wconf 87' lang='lat' dir='ltr'>cornea</span> <span class='ocrx_word' id='word_1_225' title='bbox 1177 2216 1211 2246; x_wconf 90' lang='lat' dir='ltr'>A.</span> <span class='ocrx_word' id='word_1_226' title='bbox 1244 2214 1307 2246; x_wconf 91' lang='lat' dir='ltr'>Ad.</span> 
     </span>
    </p>
   </div>
   <div class='ocr_carea' id='block_1_11' title="bbox 275 2261 1350 2343">
    <p class='ocr_par' dir='ltr' id='par_1_16' title="bbox 275 2261 1350 2343">
     <span class='ocr_line' id='line_1_34' title="bbox 275 2261 611 2292; baseline -0.003 0"><span class='ocrx_word' id='word_1_227' title='bbox 275 2261 403 2292; x_wconf 85' lang='lat' dir='ltr'>Fretum</span> <span class='ocrx_word' id='word_1_228' title='bbox 428 2261 611 2292; x_wconf 84' lang='lat' dir='ltr'>Coreanum.</span> 
     </span>
     <span class='ocr_line' id='line_1_35' title="bbox 738 2301 1350 2343; baseline -0.005 -9"><span class='ocrx_word' id='word_1_229' title='bbox 738 2302 933 2335; x_wconf 82' lang='lat' dir='ltr'>Crenella</span> <span class='ocrx_word' id='word_1_230' title='bbox 963 2301 1186 2343; x_wconf 86' lang='lat' dir='ltr'>sculptilis</span> <span class='ocrx_word' id='word_1_231' title='bbox 1217 2301 1252 2332; x_wconf 88' lang='lat' dir='ltr'>A.</span> <span class='ocrx_word' id='word_1_232' title='bbox 1286 2301 1350 2332; x_wconf 86' lang='lat' dir='ltr'>Ad.</span> 
     </span>
    </p>
   </div>
   <div class='ocr_carea' id='block_1_12' title="bbox 276 2346 1312 2420">
    <p class='ocr_par' dir='ltr' id='par_1_17' title="bbox 276 2346 1312 2420">
     <span class='ocr_line' id='line_1_36' title="bbox 276 2346 550 2379; baseline 0 -1"><span class='ocrx_word' id='word_1_233' title='bbox 276 2347 391 2379; x_wconf 87' lang='lat' dir='ltr'>Portus</span> <span class='ocrx_word' id='word_1_234' title='bbox 415 2346 550 2379; x_wconf 89' lang='lat' dir='ltr'>Chosan.</span> 
     </span>
     <span class='ocr_line' id='line_1_37' title="bbox 779 2388 1312 2420; baseline -0.002 0"><span class='ocrx_word' id='word_1_235' title='bbox 779 2389 970 2420; x_wconf 86' lang='lat' dir='ltr'>Crenella</span> <span class='ocrx_word' id='word_1_236' title='bbox 1001 2399 1148 2420; x_wconf 87' lang='lat' dir='ltr'>crocea</span> <span class='ocrx_word' id='word_1_237' title='bbox 1180 2388 1215 2419; x_wconf 89' lang='lat' dir='ltr'>A.</span> <span class='ocrx_word' id='word_1_238' title='bbox 1249 2388 1312 2420; x_wconf 79' lang='lat' dir='ltr'>Ad.</span> 
     </span>
    </p>
   </div>
   <div class='ocr_carea' id='block_1_13' title="bbox 275 2433 1290 2551">
    <p class='ocr_par' dir='ltr' id='par_1_18' title="bbox 275 2433 1290 2551">
     <span class='ocr_line' id='line_1_38' title="bbox 275 2433 467 2465; baseline 0 -1"><span class='ocrx_word' id='word_1_239' title='bbox 275 2433 467 2465; x_wconf 88' lang='lat' dir='ltr'>Tsu-shima.</span> 
     </span>
     <span class='ocr_line' id='line_1_39' title="bbox 787 2474 1290 2507; baseline -0.002 -1"><span class='ocrx_word' id='word_1_240' title='bbox 787 2474 981 2507; x_wconf 83' lang='lat' dir='ltr'>Crenella</span> <span class='ocrx_word' id='word_1_241' title='bbox 1011 2478 1127 2507; x_wconf 86' lang='lat' dir='ltr'>casta</span> <span class='ocrx_word' id='word_1_242' title='bbox 1157 2474 1193 2506; x_wconf 89' lang='lat' dir='ltr'>A.</span> <span class='ocrx_word' id='word_1_243' title='bbox 1226 2475 1250 2505; x_wconf 94' lang='lat' dir='ltr'>A</span> <span class='ocrx_word' id='word_1_244' title='bbox 1263 2475 1290 2505; x_wconf 90' lang='lat' dir='ltr'>d.</span> 
     </span>
     <span class='ocr_line' id='line_1_40' title="bbox 275 2519 489 2551; baseline 0 0"><span class='ocrx_word' id='word_1_245' title='bbox 275 2519 489 2551; x_wconf 82' lang='lat' dir='ltr'>Mino-shima.</span> 
     </span>
    </p>
   </div>
   <div class='ocr_carea' id='block_1_14' title="bbox 197 2573 1708 2674">
    <p class='ocr_par' dir='ltr' id='par_1_19' title="bbox 197 2573 1708 2674">
     <span class='ocr_line' id='line_1_41' title="bbox 276 2573 1175 2617; baseline -0.004 -9"><span class='ocrx_word' id='word_1_246' title='bbox 276 2576 351 2617; x_wconf 81' lang='lat' dir='ltr'>(Cfr.</span> <span class='ocrx_word' id='word_1_247' title='bbox 377 2576 456 2608; x_wconf 91' lang='lat' dir='ltr'>Ann.</span> <span class='ocrx_word' id='word_1_248' title='bbox 482 2575 546 2607; x_wconf 89' lang='lat' dir='ltr'>and</span> <span class='ocrx_word' id='word_1_249' title='bbox 568 2575 652 2616; x_wconf 86' lang='lat' dir='ltr'>Mag.</span> <span class='ocrx_word' id='word_1_250' title='bbox 676 2574 747 2606; x_wconf 71' lang='lat' dir='ltr'>Nat.</span> <span class='ocrx_word' id='word_1_251' title='bbox 773 2574 852 2606; x_wconf 82' lang='lat' dir='ltr'>Hist.</span> <span class='ocrx_word' id='word_1_252' title='bbox 880 2574 969 2606; x_wconf 87' lang='lat'>1862.</span> <span class='ocrx_word' id='word_1_253' title='bbox 994 2585 1065 2615; x_wconf 87' lang='lat' dir='ltr'>pag.</span> <span class='ocrx_word' id='word_1_254' title='bbox 1090 2573 1175 2612; x_wconf 89' lang='lat'>228.)</span> 
     </span>
     <span class='ocr_line' id='line_1_42' title="bbox 197 2626 1708 2674; baseline -0.007 -7"><span class='ocrx_word' id='word_1_255' title='bbox 197 2640 315 2673; x_wconf 84' lang='lat' dir='ltr'>Dunker,</span> <span class='ocrx_word' id='word_1_256' title='bbox 335 2640 407 2666; x_wconf 60' lang='lat' dir='ltr'>Molv.</span> <span class='ocrx_word' id='word_1_257' title='bbox 427 2639 486 2674; x_wconf 87' lang='lat' dir='ltr'>Jap.</span> <span class='ocrx_word' id='word_1_258' title='bbox 507 2647 571 2665; x_wconf 84' lang='lat' dir='ltr'>mar.</span> <span class='ocrx_word' id='word_1_259' title='bbox 1668 2626 1708 2657; x_wconf 78' lang='grc'>29</span> 
     </span>
    </p>
   </div>
  </div>
 </body>
</html>
