2379 3382
923 235 1160 267 -215—

718 321 867 353 Chama
898 322 1136 352 retroversa
1166 319 1355 351 Lischke.

314 389 414 415 Malak.
434 388 475 414 Bl.
495 388 544 414 vol.
567 389 605 414 17.
626 395 688 422 pag.
707 388 749 414 28.
787 388 847 421 Jap.
867 387 901 413 M.
922 386 1019 413 conch.
1041 387 1090 413 vol.
1110 387 1134 413 2.
1154 395 1216 420 pag.
1238 386 1294 412 131.
1314 386 1378 412 Tab.
1400 387 1423 413 9.
1443 388 1487 420 fig.
1510 388 1583 413 1-3.

261 449 435 489 Nagasaki.

744 489 894 520 Chama
924 489 1109 520 Dunkeri
1142 489 1334 520 Lischke.

312 557 411 584 Malak.
432 557 472 584 Bl.
492 558 543 583 vol.
565 558 604 583 17.
623 565 685 591 pag.
705 557 746 583 27.
783 557 844 590 Jap.
871 557 906 582 M.
927 556 1024 582 Conch.
1045 556 1095 582 vol.
1118 556 1141 582 2.
1161 563 1222 590 pag.
1245 555 1301 582 128.
1321 555 1387 581 Tab.
1408 555 1430 581 8.
1451 556 1495 588 fig.
1515 555 1537 581 3.
1558 556 1581 581 4.

262 618 434 658 Nagasaki.

265 674 357 711 Quod
390 673 474 704 hanc
508 673 626 704 attinet
649 672 688 703 ad
712 672 849 712 speciem
875 682 937 703 non
962 671 1057 712 longe
1091 671 1206 703 absum
1239 671 1317 711 quin
1352 671 1477 702 credam
1517 672 1704 703 varietatem
1742 675 1869 704 tantum
1903 683 1972 703 esse

107 729 246 761 Chamae
272 728 423 769 pacificae
445 727 633 768 Broderipii.
680 727 714 758 In
741 723 829 757 his'ce
853 726 983 757 conchis
1007 727 1179 757 admodum
1203 726 1412 757 variabilibus
1437 728 1468 757 et
1491 726 1652 766 ambiguis
1676 727 1837 767 lapidibus
1860 728 1972 758 aliisve

104 785 290 826 corporibus
319 783 451 815 marinis
482 782 589 814 affixis
622 783 758 822 ideoque
789 781 1017 822 irregularibus
1052 781 1242 812 difficillima
1265 784 1313 813 est
1336 781 1531 819 terminatio,
1565 782 1613 813 vel
1637 782 1716 813 adeo
1740 793 1970 823 nonnunquam

104 840 188 872 effici
210 839 306 881 plane
329 849 393 870 non
415 840 532 879 potest⁷
558 838 619 869 nisi
642 838 780 878 plurima
805 837 998 877 exemplaria
1022 837 1141 867 adsunt
1165 840 1200 867 ut
1225 839 1457 878 comparentur.

769 922 919 953 Chama
950 932 1126 961 aspersa
1158 921 1298 952 Reeve.

313 989 412 1016 Conch.
433 990 500 1015 icon.
521 989 571 1015 vol,
590 989 614 1014 4.
649 988 751 1014 Chama
770 996 838 1022 spec.
859 988 899 1014 24.

259 1049 428 1091 Specimen
470 1049 609 1081 Chamae
648 1060 765 1090 parvae
801 1050 908 1079 exstat
939 1060 958 1079 a
989 1049 1062 1079 clar.
1095 1048 1123 1079 J.
1156 1048 1234 1079 Rein
1266 1048 1394 1087 lectum,
1437 1049 1522 1089 quod
1554 1049 1593 1080 ad
1625 1049 1779 1081 Chamam
1811 1061 1972 1090 aspersam

101 1105 202 1136 refero
225 1105 333 1145 aliqua
356 1105 485 1145 quidem
508 1104 732 1142 haesitatione,
757 1114 829 1134 cum
852 1106 938 1134 testa
961 1104 1029 1143 ejus
1052 1103 1210 1134 diversam
1234 1103 1367 1135 formam
1393 1106 1423 1135 et
1447 1104 1606 1144 picturam
1630 1105 1753 1143 offerat,
1778 1106 1835 1137 sed
1851 1106 1972 1137 indoles

101 1161 295 1201 sculpturae,
319 1171 401 1201 quae
423 1160 458 1191 in
482 1159 733 1191 determinandis
756 1159 843 1190 hisce
866 1159 960 1190 testis
983 1158 1194 1189 variabilibus
1218 1159 1348 1199 majoris
1372 1162 1420 1190 est
1444 1161 1596 1191 momenti
1623 1171 1719 1200 quam
1744 1172 1851 1193 earum
1872 1161 1973 1193 forma

103 1217 134 1247 et
161 1215 294 1256 pictura,
320 1215 497 1256 generatim
520 1226 556 1247 ac
579 1215 727 1247 universe
751 1213 930 1255 respondet.

257 1270 357 1302 Valva
380 1271 524 1311 superior
546 1270 670 1302 modice
693 1280 847 1307 convexa,
871 1270 1014 1310 squamis
1052 1269 1250 1300 creberrimis
1284 1271 1432 1310 angustis
1466 1271 1632 1302 fornicatis
1659 1272 1773 1303 erectis
1795 1272 1972 1313 marginem

102 1337 213 1358 versus
236 1326 436 1367 longioribus
452 1326 513 1357 sub
529 1326 612 1357 vitro
629 1325 799 1365 rugulosis,
823 1324 917 1355 valva
935 1335 1008 1355 vero
1026 1324 1158 1355 inferior
1180 1323 1339 1364 profunda
1362 1326 1505 1365 squamis
1521 1326 1628 1357 densis
1646 1327 1806 1367 appressis
1828 1328 1972 1368 margine

103 1381 178 1413 latis
201 1384 233 1412 et
256 1381 428 1412 lamellatis
450 1382 610 1412 instructa
633 1382 690 1411 est.
738 1380 907 1410 valvarum
930 1390 1040 1420 margo
1064 1380 1210 1410 internus
1231 1379 1422 1420 laevigatus,
1446 1381 1532 1412 haud
1549 1384 1706 1413 crenatus.
1747 1381 1841 1413 Color
1863 1383 1970 1414 albus:

102 1437 194 1468 valva
219 1437 362 1477 superior
384 1436 424 1468 ad
446 1436 630 1474 umbonem,
655 1436 709 1476 qui
734 1435 938 1466 dextrorsum
962 1435 1104 1473 inclinat,
1129 1435 1230 1475 striga
1254 1446 1345 1466 rosea
1368 1438 1492 1467 notata.

257 1491 426 1523 Praeterea
460 1491 606 1532 singulae
637 1490 777 1522 Chamae
801 1490 968 1521 cuiusdam
992 1490 1104 1521 valvae
1127 1492 1267 1528 exstant,
1292 1501 1375 1530 quae
1398 1491 1603 1522 determinari
1638 1495 1819 1532 neq11eunt3
1855 1493 1974 1533 pariter

102 1547 253 1579 chama
275 1547 485 1587 Japonica
507 1546 612 1578 Lam.
639 1546 756 1587 (Anim.
782 1556 857 1578 sans
880 1548 958 1577 vert.
984 1545 1044 1576 vol.
1070 1546 1097 1576 6.
1124 1556 1195 1586 pag.
1220 1544 1307 1586 587.)
1332 1548 1399 1578 erui
1422 1558 1487 1578 non
1510 1549 1646 1588 poterat.

894 1677 1185 1724 Tridaonacea.

728 1786 852 1820 Genus
876 1785 1065 1820 Tridacna
1086 1785 1302 1829 Bruguiere
1314 1786 1354 1827 *).

739 1863 944 1896 Tridacna
977 1874 1200 1904 squamosa
1232 1864 1335 1894 Lam.

312 1930 400 1956 Anim.
420 1937 482 1956 sans
502 1931 570 1956 vert.
590 1929 630 1957 ed.
651 1930 673 1957 2.
694 1931 744 1957 vol.
766 1931 788 1957 7.
808 1939 870 1965 pag.
892 1932 931 1957 10.
971 1930 1023 1957 (Ἢ.
1043 1931 1194 1956 Lischke
1213 1930 1274 1965 Jap.
1294 1931 1329 1957 M.
1349 1930 1446 1957 Conch.
1467 1931 1516 1957 vol.
1539 1931 1560 1958 l.
1579 1938 1640 1965 pag.
1663 1931 1720 1957 160.

262 1990 424 2029 Ohosaka,
446 1991 560 2031 Hiogo.

916 2097 1159 2143 Lucinaoea.

820 2195 947 2231 Genus
969 2196 1114 2230 Lucina
1135 2196 1255 2239 Brug.

772 2273 935 2305 Lucina
965 2275 1184 2306 contraria
1215 2274 1302 2305 Dkr.

684 2339 749 2366 Tab.
771 2342 865 2366 nostra
886 2340 924 2366 13.
945 2342 989 2374 fig.
1011 2341 1051 2368 12.
1073 2342 1112 2368 13.
1133 2342 1172 2368 14.
1192 2349 1282 2374 magn.
1304 2342 1394 2367 aucta.

256 2397 353 2430 Testa
380 2410 488 2440 parva,
517 2399 628 2438 solida,
661 2400 744 2440 alba,
768 2401 1129 2442 globoso-eordiformis,
1165 2401 1299 2434 costulis
1322 2401 1535 2433 concentricis
1568 2400 1798 2441 irregularibus
1821 2411 1861 2432 ex
1882 2403 1973 2441 parte

102 2453 273 2485 contrariis
296 2456 329 2485 et
352 2454 544 2486 dichotomis
567 2455 780 2496 strigillisque
803 2457 1028 2488 minutissimis
1053 2458 1112 2489 sub
1137 2458 1219 2489 vitro
1241 2457 1296 2488 vix
1313 2457 1494 2497 conspicuis
1517 2455 1653 2496 sculpta,
1677 2455 1783 2487 antiee
1806 2455 1972 2496 paululum

100 2511 255 2549 porrecta,
278 2509 402 2550 postice
425 2510 513 2541 sulco
536 2511 597 2542 levi
620 2513 752 2550 notata3
781 2512 939 2543 umbones
961 2513 1135 2552 prominuli
1160 2515 1343 2544 antrorsum
1375 2511 1537 2551 inclinati3
1562 2511 1673 2542 lunula
1697 2514 1866 2550 excavat33
1892 2511 1972 2551 liga-

262 2643 288 2678 *)
308 2644 398 2671 Genus
418 2643 650 2672 Chametrachaea
668 2645 772 2672 Kleinii
790 2647 927 2680 pervarias
947 2647 1138 2681 complectitur
1157 2647 1271 2673 conchas
1290 2646 1404 2681 ideoque
1422 2654 1474 2673 non
1493 2649 1535 2674 est
1555 2646 1747 2683 adoptandum.
