2379 3382
906 268 943 273 ——
992 251 1141 282 143—

722 335 848 368 Genus
872 334 1135 368 Chlorostoma
1158 334 1316 369 Swains.

503 412 786 444 Chlorostoma
816 414 1101 452 argyrostoma
1132 412 1282 443 Gmelin
1316 413 1532 453 (Trochus).

294 481 366 514 Syst.
385 480 450 506 Nat.
471 480 511 506 cal.
533 479 572 505 13.
589 487 650 512 pag.
671 478 747 504 3583.
785 478 917 504 Chemn.
942 478 1040 504 Conch.
1069 478 1133 504 Cab.
1154 479 1204 505 vol.
1224 480 1247 505 5.
1271 480 1315 512 fig.
1338 480 1411 505 15G2.
1434 480 1507 506 1503.
1545 480 1693 507 Lischkc
1719 482 1778 516 Jap.
1798 483 1833 508 M.
1854 483 1951 509 Coneh.

344 522 395 549 vol.
417 524 438 548 1.
458 530 519 556 pag.
539 522 580 547 96.
601 521 666 547 Tab.
687 522 709 547 7.
729 521 774 554 fig.
794 520 818 546 3.
838 521 862 546 4.
883 521 905 546 5.
928 520 1028 554 (icones
1047 521 1186 554 optimae).

242 582 329 614 Mare
353 583 545 623 Japonicum
569 584 601 613 et
624 581 770 619 Sinense.
794 572 918 612 insulae
941 580 1155 621 Philippinae.

241 639 327 670 Inter
350 638 442 678 plura
472 637 647 678 specimina
678 636 834 667 nonnulla
865 638 996 667 exstant
1023 636 1248 676 magnitudine
1275 637 1392 668 eximia
1416 637 1530 668 habitu
1554 641 1585 669 et
1609 638 1772 679 sculptura
1795 641 1954 680 asperiore

87 696 119 726 et
143 693 310 725 subtiliore
333 693 501 724 variantia.
547 692 583 722 In
606 692 726 723 adultis
754 691 928 722 umbilicus
953 692 1080 731 saepius
1105 691 1185 722 callo
1211 702 1316 722 crasso
1348 692 1441 723 viridi
1465 693 1512 723 vel
1539 693 1768 725 cinereo-fusco
1803 695 1953 727 obtectus

88 751 145 781 est.
194 749 430 789 (Chlorostoma
452 747 654 778 turbinatum
678 746 714 777 A.
741 745 883 786 Adams.)

254 803 401 835 Ceterum
426 802 631 834 conferantur
654 812 736 842 quae
759 802 797 832 de
821 802 880 832 hac
904 802 1009 842 specie
1032 804 1181 832 accurate
1205 801 1355 841 exposuit
1377 802 1451 832 clar.
1476 802 1621 834 Lischke.

551 908 836 939 Chlorostoma
869 907 1064 938 rusticum
1099 906 1258 937 Gmelin
1292 907 1504 948 (Trochus).

296 976 371 1009 Syst.
400 975 465 1002 Nat.
485 975 525 1001 ed.
547 958 587 1002 13.
606 982 668 1008 pag.
693 974 769 1000 3572.
807 973 934 999 Chexnn.
955 973 1053 999 Conch.
1081 973 1145 999 Cab.
1171 973 1223 999 vol.
1244 973 1267 999 5.
1287 981 1349 1007 pag.
1369 974 1410 1000 89.
1431 974 1475 1007 fig.
1505 975 1578 1001 1645.
1608 976 1681 1002 1646,
1719 976 1853 1003 Dunker
1881 979 1953 1004 Moll.

346 1018 405 1052 Jap.
425 1026 487 1052 pag.
507 1018 547 1044 21.

246 1078 384 1110 Cochlea
406 1078 503 1109 maris
526 1077 673 1118 Japonici
696 1078 728 1108 et
754 1075 900 1107 Sinensis
932 1075 1193 1116 frequentissima
1224 1076 1328 1107 colore
1351 1077 1510 1115 aterrimo,
1535 1079 1792 1119 atro-purlmreo,
1820 1080 1893 1111 albo
1923 1084 1956 1112 et

85 1134 181 1165 badio
207 1134 255 1165 vel
280 1136 350 1165 atro
375 1133 563 1174 cinereoque
587 1132 759 1172 variegata,
784 1131 869 1171 apud
892 1131 1034 1171 Japanos
1061 1131 1173 1171 „Kubo
1197 1130 1268 1171 gai“
1294 1131 1488 1162 nominatur.

509 1236 800 1269 Chlorostoma
833 1236 1074 1277 Carpenteri
1109 1237 1272 1269 Dunker
1307 1237 1528 1279 (Trochus).

292 1305 392 1332 Malak.
412 1305 453 1331 Bl.
473 1304 524 1330 vol.
544 1304 567 1330 6.
588 1312 650 1337 pag.
670 1303 728 1329 237.
766 1303 840 1330 Mon.
860 1303 921 1337 Jap.
942 1311 1004 1337 pag.
1026 1303 1065 1330 21.
1087 1303 1151 1331 Tab.
1171 1304 1195 1331 3.
1214 1305 1259 1337 fig.
1281 1304 1320 1331 12.

248 1365 472 1406 Magnitudine
495 1365 711 1404 maximopere
734 1364 847 1401 variat,
872 1364 942 1404 ipsa
965 1366 1072 1396 aetate
1099 1364 1248 1405 perfecta.
1295 1365 1478 1397 Novissimo
1507 1367 1649 1406 tempore
1675 1367 1847 1407 specimina
1875 1379 1955 1400 non-

85 1422 174 1453 nulla
197 1421 307 1462 accepi
330 1421 472 1452 maxima
496 1422 528 1451 et
550 1419 683 1450 minima
705 1419 800 1460 plane
823 1419 943 1451 adulta.

240 1476 369 1517 Species
393 1475 534 1515 vulgaris
556 1474 636 1505 mari
659 1474 815 1515 Japonieo
840 1475 969 1515 propria
993 1486 1061 1506 esse
1084 1475 1220 1506 videtur.

498 1571 792 1604 Chlorostoma
822 1573 1093 1613 nigerrimum
1125 1572 1286 1605 Gmelin
1318 1573 1534 1615 (Trochus).

291 1640 362 1674 Syst.
382 1639 447 1666 Nat.
459 1638 498 1666 ed.
513 1639 550 1666 13.
563 1647 625 1674 pag.
645 1639 720 1666 3572.
759 1639 896 1666 Cheinn.
919 1639 1018 1666 Conch.
1040 1639 1104 1666 Cab.
1124 1640 1282 1674 vol.5.pag.
1293 1640 1334 1666 89.
1348 1641 1393 1674 fig.
1407 1641 1480 1668 1647.
1519 1641 1662 1668 Dunkcr
1681 1642 1754 1669 Moli.
1768 1642 1952 1677 Jap.pag.21.

241 1700 328 1732 Mare
351 1700 543 1741 Japonicum
567 1702 599 1732 et
623 1699 767 1731 Sinense.

237 1756 323 1787 Haec
347 1756 469 1796 species
492 1755 653 1787 interdum
676 1756 830 1787 umbilico
861 1755 970 1786 clauso
1001 1755 1142 1787 obvenit.
1190 1756 1280 1788 Hanc
1304 1757 1493 1789 varietatem
1519 1759 1594 1789 olim
1618 1768 1674 1798 pro
1699 1759 1803 1799 specie
1824 1758 1952 1800 propria

81 1812 210 1844 nomine
234 1811 385 1843 Trochi
416 1811 706 1852 distinguendi
730 1810 865 1851 sejunxi.
914 1809 976 1841 Cfr.
1003 1810 1089 1842 Moll.
1113 1811 1185 1852 Jap.
1210 1822 1282 1852 pag.
1308 1812 1358 1843 22.
1383 1812 1461 1844 Tab.
1486 1812 1515 1844 3.
1540 1813 1592 1853 fig.
1620 1815 1646 1844 1.

673 1908 966 1940 Chlorostoma
995 1911 1185 1949 rugatum
1218 1908 1361 1940 Gould.

290 1976 366 2002 Proc.
386 1976 462 2002 Bost.
482 1976 538 2002 Soc.
557 1975 622 2002 Nat.
642 1976 713 2001 Hist.
734 1976 785 2002 vol.
805 1976 828 2002 8.
848 1983 909 2009 pag.
930 1975 970 2001 20.
1009 1976 1075 2002 Otia
1101 1975 1198 2002 Conch.
1218 1983 1280 2010 pag.
1303 1975 1359 2002 158.

242 2037 419 2069 Hakodate.

239 2092 363 2133 Speciei
387 2091 589 2123 antecedenti
613 2094 787 2132 cognatum
812 2102 880 2122 esse
905 2091 1032 2122 (licitur.

511 2184 805 2216 Chlorostoma
834 2184 1069 2224 nigricolor
1098 2183 1272 2215 Dunker
1303 2183 1521 2225 (Trochus).

289 2252 390 2278 Malak.
410 2252 451 2278 Bl.
472 2252 522 2277 vol.
542 2252 565 2278 6.
585 2259 647 2286 pag.
669 2251 727 2278 237.
765 2251 838 2277 Moli.
858 2251 918 2285 Jap.
940 2259 1002 2285 pag.
1023 2250 1064 2277 22.
1084 2250 1150 2277 Tab.
1170 2250 1193 2277 3.
1213 2249 1258 2283 fig.
1279 2250 1302 2276 2.

241 2312 426 2354 Specimina
448 2312 605 2344 nonnulla
626 2313 713 2344 notis
738 2312 919 2353 praecipuis
943 2312 1155 2352 congruentia
1178 2311 1306 2352 saepius
1331 2323 1371 2343 ex
1394 2312 1532 2353 Japonia
1554 2312 1672 2352 accepi.

497 2409 790 2441 Chlorostoma
821 2409 1055 2441 brunneum
1086 2409 1281 2450 Philippi
1318 2409 1530 2450 (Trochus).

290 2476 419 2503 Zeitschr.
439 2476 481 2502 ssu·
499 2476 600 2502 Malak.
622 2476 696 2502 1848.
715 2484 777 2510 pag.
799 2476 856 2503 188.
894 2476 1031 2503 Chemn.
1062 2477 1159 2504 Conch.
1179 2477 1244 2503 Cab.
1265 2477 1305 2502 ed.
1333 2477 1382 2503 alt.
1408 2476 1473 2503 Tab.
1498 2476 1540 2503 43.
1568 2477 1612 2510 fig.
1637 2477 1676 2503 19.
1713 2477 1856 2503 Dunker
1878 2477 1951 2504 Mon.
1989 2471 1997 2486 ¹

339 2519 400 2553 Jap.
420 2527 481 2553 pag.
501 2519 542 2545 22.

238 2579 324 2611 Haec
355 2579 476 2620 species
506 2579 632 2611 ratione
660 2579 842 2611 altitudinis
874 2581 907 2610 et
934 2579 1119 2611 latitudinis
1150 2579 1279 2620 quidem
1308 2579 1474 2620 paululum
1507 2579 1682 2617 variabilis,
1711 2580 1765 2611 sed
1794 2580 1897 2611 colore
1919 2583 1952 2611 et

82 2634 300 2674 peristomatis
323 2634 517 2666 formatione
541 2637 694 2666 constans
718 2636 776 2666 est.
820 2673 824 2677 .
