2379 3382
916 259 1150 290 —235—

720 343 949 385 Scapharca
980 344 1235 386 Philippiana
1264 346 1352 378 Dkr.

320 421 339 446 A
350 429 403 446 rea
423 421 569 447 radiata
590 422 700 447 Reeve
720 421 793 447 l’roc.
814 421 882 447 Zool.
904 421 958 447 Soc.
981 421 1052 447 1844.
1090 421 1186 448 Concli.
1207 423 1273 449 icon.
1294 423 1360 449 Arca
1379 432 1446 457 spec.
1467 425 1505 450 40,

268 490 432 531 Specinion
466 494 607 522 nostrum
631 491 817 531 Japonicuin
841 490 1032 530 epiderniide
1055 491 1249 522 denudatum
1275 503 1344 522 cum
1370 492 1456 523 icone
1482 494 1644 526 lleeveana
1672 497 1763 536 plan(-
1794 498 1950 535 convenit,

114 546 167 577 sed
192 546 365 587 specimina
388 558 403 577 e
428 547 505 577 mari
530 546 680 578 Cliinensi
704 546 802 577 allata
825 545 863 577 ad
888 545 1106 577 collectionem
1130 549 1270 578 nostram
1295 549 1485 588 pertinentia
1509 550 1608 581 multo
1624 552 1742 591 majora
1759 553 1949 593 epidermide

114 601 332 633 fusco-cornea
357 602 386 632 in
412 604 569 633 costarum
594 601 768 633 intervallis
792 601 927 641 setigera
951 602 1067 633 vestita
1090 605 1174 634 sunt.
1227 602 1340 634 Costae
1371 604 1402 634 in
1433 604 1493 635 illis
1525 606 1564 635 25)
1596 607 1641 637 vel
1671 608 1712 638 3o
1742 612 1949 640 numerantur

114 659 269 697 angustae
302 668 451 697 rugosae3
482 658 606 689 anticae
636 669 735 698 aequo
758 668 794 688 ac
818 657 958 697 posticae
988 657 1116 697 paulum
1149 658 1275 689 latiores
1298 661 1382 690 sunt.
1429 659 1512 691 Sulci
1538 661 1662 693 laminis
1685 664 1796 695 erectis
1824 664 1951 695 undatis

114 713 204 752 quasi
228 712 376 744 clathrati
400 715 562 754 apparent.

267 767 345 799 Cum
370 769 450 800 inter
474 769 594 809 species
619 770 768 800 Arearum
794 767 917 799 fossiles
941 767 1156 800 denominatio
1180 769 1277 800 Areae
1301 769 1441 801 radiatae
1461 771 1526 810 jam
1552 771 1598 802 bis
1623 773 1812 812 inveniatur,
1837 785 1949 806 nomen

113 826 270 855 mutatum
294 826 350 855 est..

266 880 299 910 ln
325 879 572 920 Scaphamarum
598 890 710 920 genere
735 879 905 911 nonnullae
941 879 1146 910 inveniuntur
1176 880 1296 920 species
1327 891 1425 921 paene
1448 882 1657 921 aequivalves,
1682 884 1727 915 ita
1750 887 1784 915 ut
1809 885 1838 915 in
1870 886 1952 917 Ano-

111 936 319 967 malocardias
343 935 389 966 vel
416 935 577 966 Anadaras
600 938 772 966 transeant.

798 1070 922 1105 Genus
945 1069 1148 1106 Cucullaea
1171 1070 1268 1105 Lam.

585 1158 800 1190 Cucullaea
830 1161 1113 1190 concamerata
1141 1157 1306 1189 Martini
1338 1158 1478 1198 (Arca).

318 1234 422 1260 Bes-chr.
443 1235 540 1261 naturl.
562 1234 682 1260 Freunde
703 1234 752 1260 vol.
773 1235 797 1260 23.
818 1242 878 1268 pag.
898 1234 954 1260 292.
975 1234 1039 1261 Tab.
1059 1235 1081 1261 7.
1102 1235 1145 1268 fig.
1173 1235 1212 1260 15.
1239 1235 1276 1260 16.
1320 1235 1339 1260 C
1349 1234 1416 1260 hem
1427 1244 1450 1261 n.
1477 1235 1572 1262 Com-11.
1600 1236 1661 1262 (tab.
1689 1237 1738 1263 vol.
1759 1238 1780 1263 7.
1810 1246 1870 1271 pag.
1893 1239 1948 1264 174.

367 1277 431 1304 Tab.
451 1278 490 1304 53.
511 1278 554 1310 lig.
576 1278 631 1304 526.
653 1277 710 1304 527.
730 1277 851 1311 (excepta
870 1278 913 1311 fig.
934 1277 1011 1311 528).

265 1346 453 1388 Plerumque
475 1358 546 1378 cum
570 1347 629 1379 hac
652 1347 754 1388 specie
779 1346 949 1378 Cucullaea
971 1346 1172 1378 auriculifera
1195 1346 1372 1378 Lamarckii
1397 1347 1512 1385 (Anim.
1538 1359 1612 1380 sans
1636 1351 1711 1380 vert.
1737 1349 1795 1380 vol.
1820 1350 1848 1380 6.
1881 1361 1950 1391 pag.

111 1403 196 1437 454.)
218 1403 365 1443 jungitur
389 1406 420 1435 et
443 1403 654 1444 Deshayesius
678 1403 707 1434 in
733 1403 871 1434 editione
895 1402 989 1434 huius
1012 1403 1114 1443 operis
1137 1403 1236 1434 altera
1255 1403 1321 1443 jam
1344 1404 1511 1435 annotavit
1535 1415 1647 1435 nomen
1672 1405 1844 1446 antiquius,
1869 1407 1950 1447 quod

112 1458 239 1490 Martini
263 1459 401 1490 conchae
426 1459 586 1500 imposuit,
611 1459 784 1500 prioritatis
808 1469 904 1490 causa
927 1458 1158 1490 restituendum
1181 1470 1266 1497 esse,
1291 1458 1344 1489 sed
1370 1470 1467 1499 nuper
1493 1459 1565 1491 clar.
1584 1461 1734 1501 Sowerby
1752 1462 1950 1493 Cucullaealn

113 1515 343 1545 auriculiseram
367 1515 455 1546 Lam.
478 1526 533 1555 pro
557 1515 660 1555 specie
690 1515 829 1555 genuina
860 1514 1040 1546 declaravit.
1086 1513 1170 1546 Sane
1198 1514 1275 1545 mihi
1305 1525 1430 1555 quoque
1458 1515 1623 1547 discrimen
1656 1520 1798 1549 constare
1829 1518 1952 1549 videtur

112 1572 194 1602 inter
228 1571 409 1611 specimina,
438 1582 518 1611 quae
551 1570 808 1602 denominatione
840 1570 1028 1601 Cucullaeac
1056 1573 1293 1601 concameratue
1325 1571 1355 1601 in
1391 1570 1631 1603 collectionibus
1666 1573 1849 1614 designatae
1884 1586 1951 1605 esse

112 1627 223 1659 solent.
270 1626 382 1657 Testae
405 1627 488 1657 enim
505 1626 659 1657 ambitum
677 1625 812 1657 offerunt
830 1626 1092 1666 subquadratum,
1116 1626 1288 1667 marginem
1306 1626 1424 1657 ventris
1441 1629 1560 1658 rectum
1578 1628 1625 1659 vel
1643 1639 1753 1669 parum
1776 1632 1950 1668 curvatum,

110 1684 194 1714 latus
218 1683 338 1724 postice
361 1682 495 1723 abrupte
518 1684 699 1714 truncatum
724 1684 754 1713 et
779 1682 973 1723 sculpturam
997 1681 1204 1721 subtiliorem,
1228 1684 1262 1713 at
1293 1685 1403 1715 contra
1432 1686 1533 1715 testae
1564 1685 1717 1724 quaedam
1747 1685 1951 1716 inveniuntur

110 1739 231 1781 postice
254 1739 359 1771 minus
383 1739 534 1780 deruptae
558 1739 720 1780 sculptura
743 1739 908 1779 asperiore.

264 1794 429 1836 Specimen
444 1797 589 1826 nostrum
602 1794 789 1836 Japonicum
804 1795 857 1825 vix
873 1794 914 1825 55
931 1794 1006 1825 mill.
1025 1794 1163 1834 longum,
1181 1794 1263 1826 iconi
1282 1794 1522 1826 Chemnitianae
1538 1795 1661 1826 ambitu
1679 1796 1756 1827 satis
1773 1796 1950 1836 respondet,

110 1851 163 1882 sed
187 1851 272 1882 color
297 1851 438 1882 internus
461 1851 620 1882 violaceus
643 1851 797 1882 umbones
822 1862 929 1881 versus
953 1850 1125 1881 albescens.

264 1906 369 1938 Tertia
393 1907 516 1947 generis
539 1907 658 1947 species
682 1906 852 1937 Cucullaea
874 1906 1044 1945 granulosa
1066 1905 1189 1937 Jonasii
1213 1905 1357 1945 (Chemn.
1383 1905 1500 1938 Conch.
1526 1906 1601 1938 Cab.
1626 1907 1686 1938 vol.
1718 1907 1745 1937 7.
1778 1908 1828 1947 fig.
1861 1906 1950 1947 528.)

111 1961 201 1994 facile
224 1963 378 2004 distingui
404 1964 518 2003 potest.

265 2018 452 2050 Cucullaeae
474 2018 600 2050 fossiles
623 2017 824 2059 multiplices,
849 2017 975 2058 saepius
998 2017 1089 2048 testis
1113 2017 1320 2049 crassioribus
1344 2018 1528 2057 instructae,
1553 2018 1583 2049 in
1607 2019 1754 2050 omnibus
1772 2018 1834 2050 fere
1850 2020 1951 2050 terrae

111 2074 354 2106 formationibus
378 2075 509 2106 marinis
533 2074 718 2105 obveniunt.
764 2073 873 2105 Nuclei
897 2084 1002 2105 earum
1027 2073 1114 2104 sulco
1137 2073 1302 2114 utriusque
1326 2073 1432 2105 lateris
1456 2075 1578 2114 postici,
1602 2086 1618 2104 e
1641 2074 1759 2106 lamina
1782 2074 1830 2105 vel
1861 2077 1949 2106 costa

109 2130 234 2162 interna
257 2133 336 2168 orto,
361 2132 470 2162 statim
494 2132 739 2170 cognoscuntur.

722 2262 846 2297 Genus
869 2261 1064 2296 Nucinella
1087 2261 1121 2296 S.
1145 2261 1188 2296 V.
1211 2261 1339 2296 Wood.

770 2340 993 2372 Nucinella
1026 2343 1144 2372 ovata
1171 2340 1288 2372 Jeffr.

315 2417 402 2443 Sliclls
428 2417 493 2443 from
514 2417 600 2443 Korea
620 2418 707 2443 Strait
727 2418 751 2443 in
773 2417 890 2443 Linnean
911 2417 1038 2451 Society's
1063 2417 1154 2443 Journ.
1179 2417 1248 2443 Zool.
1272 2417 1321 2443 vol.
1344 2417 1380 2443 14.
1408 2425 1467 2451 pag.
1485 2417 1542 2443 418.
1586 2416 1771 2444 Nucinvlla
1795 2416 1948 2442 miliari&

366 2460 483 2494 Monogr.
504 2460 582 2493 Crag.
603 2460 673 2487 Moll.
696 2460 766 2486 1861.
786 2467 846 2494 pag.
868 2459 907 2486 73.
931 2459 994 2486 Tab.
1016 2460 1054 2486 10.
1075 2460 1117 2493 fig.
1137 2459 1160 2486 4.

263 2529 391 2561 Fretum
415 2529 600 2562 Coreanum.

262 2584 343 2617 Clar.
368 2585 499 2627 Jeffreys
523 2585 605 2618 hanc
629 2587 743 2618 testam
768 2585 931 2627 parvulam
955 2584 1100 2617 Arcaceis
1124 2585 1279 2626 adjunxit.

1624 2697 1693 2730 30*
