2379 3382
900 273 941 277 —
990 257 1136 288 129—

242 337 425 379 Specimina
448 340 510 370 tria
533 340 744 380 congruentia
766 341 893 372 adsunt.

241 393 365 434 Speciei
396 396 524 426 nostrae
555 395 747 426 antecedens
778 395 941 427 simillima
965 398 1023 434 est,
1048 407 1130 437 quae
1153 398 1280 437 quidem
1314 399 1446 430 costulis
1480 401 1689 433 crassioribus
1723 402 1890 442 laevigatis
1913 405 1945 434 et

85 449 171 489 spira
194 448 308 480 altiore
331 449 446 481 differt.

685 512 881 546 Collonia
912 526 1225 555 purpurascens
1255 516 1344 547 Dkr.

657 581 722 609 Tab.
741 584 834 609 nostra
855 582 893 609 12.
913 582 958 615 fig.
980 584 1001 609 1.
1022 582 1045 608 3.
1065 582 1110 615 fig.
1130 582 1152 609 2.
1172 590 1261 616 magn.
1282 585 1369 609 aucta.

240 639 336 671 Testa
360 640 502 680 globosa,
527 640 726 674 anfractibus
750 643 857 683 quinis
880 643 1062 674 rotundatis
1080 645 1193 674 sutura
1209 643 1483 675 subcanalieulata
1500 645 1663 684 sejunctis,
1689 646 1821 677 costulis
1837 650 1944 678 trans-

83 695 183 726 versis
206 695 430 735 inaequalibus
453 695 622 736 graniferis
646 697 821 736 instructa,
845 700 994 738 apertura
1018 698 1166 735 rotunda,
1191 699 1279 730 intus
1303 699 1428 730 sulcata
1451 702 1482 730 et
1506 701 1751 739 margaritacea3
1777 702 1946 733 columella

83 749 272 781 incrassata.
297 769 338 772 —
361 750 463 782 Diam.
488 752 604 790 9—10,
628 752 683 783 alt.
708 753 792 784 circa
815 753 835 784 8
859 753 935 784 mill.

240 805 326 836 Haec
356 806 477 846 species
512 810 648 838 venusta
672 808 712 839 ab
736 809 946 840 antecedente
981 808 1095 839 habitu
1128 810 1246 840 maiore
1271 809 1468 849 costulisque
1504 811 1727 850 inaequalibus
1761 812 1945 852 praesertim

84 860 199 891 differt.
247 860 398 892 Costulae
415 862 499 892 enim
516 863 689 894 nonnullae
712 864 930 904 prominentes
953 864 1116 895 anfractus
1133 864 1356 895 subcarinatos
1372 865 1519 896 reddunt.
1560 866 1750 906 Operculum
1768 867 1945 898 calcar-enm

84 926 140 956 pro
164 917 347 956 exiguitate
370 918 473 948 testae
497 928 639 949 crassum
662 921 719 949 est.

240 971 375 1003 Turbo
407 972 484 1004 San
495 983 585 1013 gare
596 974 678 1005 nsis
708 973 915 1005 Schrenck
940 974 1072 1014 (Amurl.
1099 975 1157 1006 vol.
1177 975 1205 1005 2.
1232 985 1302 1015 pag.
1327 975 1424 1016 363),
1449 976 1504 1016 qui
1528 977 1621 1008 nobis
1645 977 1746 1015 deest,
1770 977 1887 1018 pariter
1904 977 1945 1008 ad

84 1025 245 1058 Collonias
270 1028 428 1068 pertinere
452 1029 588 1060 videtur.

767 1130 891 1164 Genus
915 1129 1050 1164 Calcar
1073 1130 1266 1165 Montfort.

682 1207 834 1238 Calcar
867 1207 1161 1248 haematragus
1195 1208 1349 1239 Menke.

290 1273 444 1299 Trochus
474 1273 729 1307 hacmatragus
758 1274 836 1301 Mke.
864 1274 952 1301 Catal.
981 1275 1040 1301 coll.
1072 1275 1167 1301 Malsb.
1199 1275 1339 1308 Pyrinonti
1367 1276 1440 1302 1829.
1467 1284 1528 1309 pag.
1558 1276 1587 1300 18
1615 1287 1648 1300 z
1675 1276 1831 1302 Trochus
1861 1277 1947 1302 colu-

345 1316 499 1342 mellaris
518 1316 603 1343 Phil.
641 1316 715 1343 Dkr.
735 1317 807 1343 Moll.
827 1317 886 1351 Jap.
907 1325 968 1351 pag.
988 1317 1027 1343 20.

238 1376 421 1417 Specimina
444 1377 536 1417 plura
559 1387 658 1417 prope
681 1377 793 1416 Tokio,
817 1377 982 1418 Nagasaki
1006 1378 1141 1418 aliisque
1165 1378 1243 1409 locis
1267 1379 1382 1409 iterum
1408 1379 1541 1410 collecta
1564 1382 1694 1411 exstant
1717 1382 1786 1411 tum
1810 1379 1948 1420 integer-

80 1433 161 1464 rima
185 1432 266 1463 callo
290 1432 476 1464 columellae
500 1433 603 1464 vivide
628 1444 784 1473 purpureo
810 1434 921 1471 tincta,
946 1436 1014 1464 tum
1040 1444 1129 1464 erosa
1153 1434 1202 1464 vel
1227 1434 1384 1465 Vermiliis
1409 1436 1440 1465 et
1464 1434 1549 1465 calce
1572 1435 1758 1466 incrustata.

748 1543 873 1577 Genus
897 1542 1138 1577 Guildfordia
1162 1543 1276 1586 Gray.

530 1618 808 1652 Guildfordia
844 1621 1110 1661 triumphans
1145 1621 1245 1652 Phil.
1279 1620 1498 1660 (Trochus).

288 1685 441 1712 Jahresber.
469 1686 515 1711 des
542 1687 651 1713 Vereins
679 1687 721 1713 fiir
746 1688 862 1714 Naturk.
889 1688 980 1714 Cassel
1009 1688 1080 1714 1841.
1106 1696 1168 1721 pag.
1189 1690 1212 1714 8.
1251 1687 1360 1713 Abbild.
1380 1687 1433 1713 und
1454 1688 1560 1715 Besehr.
1582 1689 1633 1714 vol.
1657 1689 1677 1714 l.
1698 1697 1758 1722 pag.
1778 1690 1818 1715 31.
1838 1689 1902 1716 Tab.
1926 1691 1946 1716 1.

343 1729 388 1760 fig.
410 1728 430 1754 l.
469 1728 620 1755 Trochus
645 1729 894 1756 Guildfordiae
920 1731 1006 1764 Gray
1032 1731 1139 1756 Reeve
1167 1731 1264 1757 Coneh.
1297 1733 1362 1764 syst.
1390 1730 1440 1756 vol.
1461 1731 1484 1756 2.
1511 1731 1575 1757 Tab.
1596 1732 1654 1757 218.
1680 1732 1725 1765 fig.
1754 1733 1792 1758 17.
1829 1733 1949 1758 Astra-

342 1771 425 1796 lium
445 1771 660 1805 triumphans
681 1772 770 1799 Phil.
807 1773 937 1800 Zeitschr.
957 1773 999 1798 fi'u·
1018 1773 1117 1800 Malak.
1138 1773 1212 1800 1847.
1233 1781 1294 1807 pag.
1314 1773 1354 1800 23.
1393 1773 1647 1800 Mart·Chenm.
1667 1774 1764 1801 Conch.
1785 1775 1848 1801 Cab.
1869 1775 1909 1802 ed.
1922 1776 1944 1802 2.

347 1813 464 1839 Trochus
490 1822 552 1847 pag.
579 1814 637 1840 229.
664 1815 728 1840 Tab.
752 1815 792 1841 35.
812 1815 857 1848 fig.
880 1816 900 1841 l.
939 1816 969 1842 H.
991 1817 1019 1841 et
1038 1816 1067 1841 A.
1089 1815 1210 1841 Adams
1237 1816 1302 1842 Gen.
1323 1816 1351 1841 of
1372 1824 1422 1842 rec.
1448 1816 1520 1843 Moll.
1541 1817 1591 1842 vol.
1615 1817 1634 1843 l.
1654 1825 1716 1850 pag.
1735 1817 1793 1844 299.
1820 1818 1885 1845 Tab.
1906 1818 1947 1845 44.

343 1857 387 1889 fig.
408 1857 430 1882 5.
451 1865 508 1883 curn
529 1857 652 1890 operculo
671 1857 715 1890 fig.
737 1859 769 1884 5a
788 1860 815 1884 et
834 1858 858 1885 b.

236 1915 323 1947 Mare
346 1916 547 1958 Japonicum.

239 1970 423 2012 Specimiua-
446 1973 507 2004 tria
531 1973 744 2014 pulcherrima
767 1976 908 2012 exstant,
933 1974 1108 2005 maximum
1134 1974 1235 2014 spinis
1259 1975 1390 2005 inclusis
1415 1975 1454 2005 75
1478 1975 1555 2006 mill.
1580 1975 1690 2006 latum.

236 2026 327 2058 Hanc
358 2027 520 2059 cochleam
553 2029 730 2060 mirabilem
761 2030 834 2061 clar.
868 2030 903 2060 R.
937 2029 972 2060 A.
1006 2029 1146 2070 Philippi
1178 2030 1298 2070 primus
1330 2030 1506 2070 descripsit,
1540 2031 1595 2070 qui
1627 2031 1679 2062 illo
1710 2033 1853 2071 tempore
1881 2032 1947 2071 jam

79 2081 264 2122 suspicatus
288 2085 346 2121 est,
371 2083 671 2115 determinationem
703 2085 884 2124 genericam
916 2096 979 2116 non
1009 2095 1077 2115 esse
1107 2088 1236 2116 rectam.
1283 2085 1323 2116 Et
1352 2097 1428 2117 sane
1460 2086 1605 2126 quamvis
1634 2086 1750 2117 animal
1782 2085 1949 2126 hucusque

80 2136 165 2169 haud
190 2139 378 2176 innotuerit,
402 2141 508 2170 tamen
533 2141 603 2171 tota
627 2142 729 2171 testae
753 2143 916 2172 structura
939 2142 971 2171 et
994 2140 1143 2171 formatio
1167 2143 1233 2172 tam
1259 2141 1436 2181 singulares
1454 2143 1539 2179 sunt,
1565 2143 1600 2172 ut
1618 2152 1672 2181 pro
1689 2152 1803 2181 genere
1821 2142 1947 2182 proprio

80 2192 191 2224 haberi
225 2194 349 2225 debeat.
397 2194 493 2225 Testa
526 2195 690 2226 rufescens
725 2196 886 2227 interdum
921 2196 1101 2236 subcuprea
1135 2196 1335 2236 splendorem
1371 2197 1639 2236 margaritaceum
1670 2196 1812 2228 ostendit
1842 2199 1948 2228 trans—

80 2248 249 2281 lucentem.
298 2249 420 2280 Callum
453 2249 597 2281 umbilici
630 2250 789 2282 Umbonia
826 2251 995 2291 (Globulos
1026 2251 1074 2282 vel
1104 2251 1260 2290 Rotellas)
1293 2251 1325 2282 in
1357 2252 1540 2283 memoriam
1577 2252 1709 2283 reducit.
1756 2252 1948 2292 Operculum

80 2306 220 2343 ovatum,
246 2315 399 2343 crassum,
425 2305 545 2344 album,
570 2317 704 2346 superne
728 2306 893 2346 paululum
917 2308 1065 2337 cavatum
1090 2306 1164 2337 hinc
1188 2306 1253 2337 illic
1276 2307 1512 2347 subgranosum
1544 2307 1576 2338 in
1607 2307 1742 2338 circuitu
1766 2307 1947 2348 deruptum,

79 2360 223 2401 margine
240 2361 372 2391 externo
389 2363 527 2400 anguste
545 2361 733 2392 carinatum.
781 2361 954 2392 Anfractus
971 2361 1104 2393 ultimus
1121 2362 1221 2402 spinis
1238 2362 1320 2402 logis
1337 2363 1443 2394 8—10
1460 2363 1592 2394 calcaris
1609 2363 1710 2394 instar
1728 2366 1870 2394 armatus
1888 2365 1946 2394 est.

237 2416 322 2447 Haec
346 2416 475 2447 cochlea
504 2416 622 2447 eximia
644 2428 663 2447 a
685 2416 820 2456 Japanis
854 2417 1127 2457 „Kuruma-gahi“
1162 2417 1257 2455 diota,
1288 2419 1371 2449 inter
1395 2418 1559 2456 Mollusea,
1593 2429 1675 2458 quae
1706 2429 1791 2449 nunc
1824 2419 1946 2457 vivunt,

79 2470 119 2502 ad
142 2471 203 2502 hoc
225 2473 352 2512 tempus
376 2472 472 2503 unica
495 2474 544 2503 est
567 2472 616 2503 sui
639 2472 774 2511 generis,
807 2472 862 2503 sed
893 2472 967 2503 clar.
999 2473 1128 2511 Martin,
1158 2473 1321 2505 Professor
1352 2473 1502 2513 Lugduni
1533 2473 1737 2511 Batavorum,
1768 2474 1948 2514 nuperrime

79 2526 216 2567 speciem
250 2527 375 2558 telluris
409 2527 572 2558 tertiariae
604 2527 778 2558 Javanicae.
816 2527 949 2559 alteram
984 2528 1199 2568 promulgavit
1238 2531 1365 2560 nostrae
1405 2529 1609 2567 simillimam,
1649 2540 1745 2570 quam
1784 2529 1944 2560 Trochum

78 2581 345 2622 triumphatorem
367 2582 548 2622 appellavit.
596 2581 681 2614 Haec
698 2582 819 2623 species
842 2582 962 2614 fossilis
986 2583 1142 2624 imprimis
1159 2584 1229 2616 basi
1247 2585 1375 2616 minime
1392 2584 1561 2625 granifera,
1578 2585 1632 2616 sed
1649 2585 1736 2616 striis
1752 2585 1940 2616 incrementi

79 2636 279 2677 simplicibus
303 2637 429 2669 falcatis
453 2637 567 2669 differt.

158 2699 278 2734 Dunker,
299 2701 371 2726 Moll.
391 2700 451 2734 Jap.
471 2708 537 2727 mar.
1650 2696 1688 2726 17
