2379 3382
53 395 288 435 Volutharpa
314 393 534 426 Linnaeana
561 394 598 424 A.
627 393 690 424 Ad.
720 392 771 424 33.

54 449 292 489 Volutharpa
319 448 539 480 Mbrchiana
566 448 727 480 Fischer.
757 447 808 479 33.

56 504 252 545 Volutharpa
274 504 382 545 Perryi
405 504 474 545 Jay.
499 504 549 535 33.

54 559 320 591 Volutomi’nra
346 559 492 600 pusilla
520 558 714 590 Sehrenck.
742 557 795 589 50.

54 614 155 646 Volva
178 614 322 646 Adamsii
346 614 422 646 Dkr.
449 614 518 645 102.
729 621 733 624 '

55 669 155 701 Volva
179 669 365 711 Carpenteri
388 670 464 701 Dkr.
490 669 561 700 102.

54 724 154 756 Volva
175 736 267 757 rosea
289 725 326 756 A.
351 725 408 756 Ad.
435 724 504 756 102.

56 780 234 813 Volvula
263 782 490 813 attenuata
519 781 555 812 A.
588 781 652 812 Ad.
686 780 757 812 165.

56 836 235 867 Volvula
266 836 523 876 eylindrella
555 837 591 867 A.
623 836 689 868 Ad.
722 835 795 868 165.

56 890 234 922 Volvula
265 891 448 923 eburnea
478 892 513 922 A.
547 892 612 923 Ad.
647 892 717 923 165.

55 946 236 978 Volvula
265 950 511 978 mucronata
541 947 644 978 Phil.
678 946 749 978 165.

55 1000 233 1032 Volvula
264 1001 436 1042 opalina
467 1003 503 1032 A.
537 1002 602 1033 Ad.
635 1002 706 1034 165.

56 1056 235 1088 Volvula
265 1057 438 1088 ovulina
470 1057 506 1088 A.
538 1057 602 1089 Ad.
638 1057 707 1089 165.

57 1111 234 1143 Volvula
263 1112 431 1144 radiola
462 1112 497 1143 A.
529 1112 595 1144 Ad.
629 1113 700 1144 165.

56 1166 238 1199 Volvula
267 1169 456 1199 rostrata
486 1167 522 1198 A.
555 1168 620 1199 Ad.
655 1168 725 1200 165.

57 1222 236 1254 Volvula
266 1223 524 1263 spectabilis
554 1223 590 1254 A.
623 1223 689 1255 Ad.
724 1223 796 1255 165.

59 1276 230 1309 Vulsella
256 1278 449 1319 lingulata
476 1278 554 1310 Lin.
584 1278 656 1310 228.

58 1333 231 1365 Vulsella
257 1334 379 1365 minor
407 1334 556 1365 Chemn.
585 1334 657 1366 228.

58 1388 200 1420 Vulsella
223 1400 342 1429 rugosa
364 1388 451 1420 Lam.
477 1389 549 1420 228.

59 1443 199 1475 Vulsella
222 1444 428 1484 spongiarum
451 1444 538 1475 Lam.
564 1444 635 1475 228.

58 1498 273 1530 XValdheimia
296 1499 439 1530 cranium
462 1498 498 1530 A.
524 1499 582 1530 Ad.
607 1499 679 1530 252.

60 1554 317 1585 Waldheimia
345 1553 458 1595 Grayi
485 1554 688 1586 Davidson.
717 1554 791 1586 252.

58 1609 273 1641 Waldheimia
295 1609 382 1649 picta
404 1609 441 1641 A.
466 1609 524 1641 Ad.
549 1609 620 1640 252.

58 1665 315 1698 Waldheimia
342 1667 448 1708 picta
476 1666 624 1699 Chemn.
655 1667 728 1700 252.

958 306 1019 338 301

1095 390 1177 422 Wal
1190 391 1355 424 dheimia
1381 393 1591 434 Raphaelis
1618 394 1712 425 Dall.
1741 394 1813 426 251.

1096 445 1350 486 Xenophora
1382 450 1508 480 exuta
1537 449 1625 480 Rve.
1660 449 1729 481 123.

1094 501 1346 542 Xenophora
1376 503 1586 543 pallidula
1616 504 1706 535 Rve.
1740 505 1810 536 123.

1101 556 1347 597 Xenophora
1378 558 1632 590 solarioides
1662 559 1751 591 Rve.
1786 560 1858 592 123.

1097 611 1235 642 Yoldia
1263 613 1484 653 amygdalea
1512 614 1658 645 Valenc.
1687 614 1758 646 239.

1097 665 1236 697 Yoldia
1263 668 1416 699 arctiea
1443 668 1550 700 Brod.
1582 671 1619 700 et
1648 668 1739 701 Sow.
1769 669 1842 701 239.

1102 721 1248 753 Yoldia
1275 722 1463 763 Japonica
1493 723 1554 754 Ad.
1584 725 1620 754 et
1647 724 1732 755 Rve.
1761 724 1835 756 239.

1102 776 1239 808 Yoldia
1266 788 1446 817 pygmaea
1473 777 1608 809 Mi'inst.
1639 779 1711 810 239.

1098 831 1224 863 Zafra
1255 833 1558 865 miti-aeforlnis
1588 833 1624 864 A.
1657 834 1722 865 Ad.
1755 835 1805 865 26.

1103 886 1228 927 Zaphra
1251 887 1415 919 subvitrea
1438 887 1553 919 Smith.
1578 888 1629 919 55.

1100 942 1279 973 Zeidora
1310 943 1548 974 calceolina
1577 943 1613 974 A.
1644 943 1709 974 Ad.
1743 944 1815 975 151.

1100 997 1280 1029 Zeidora
1309 998 1529 1029 reticulata
1559 998 1595 1029 A.
1628 999 1692 1029 Ad.
1727 999 1796 1030 151.

1105 1052 1222 1084 Zeuxis
1246 1053 1446 1084 clandestina
1468 1053 1504 1084 A.
1529 1053 1587 1084 Ad,
1613 1054 1662 1084 38.

1103 1107 1222 1138 Zeuxis
1245 1108 1367 1139 micans
1391 1108 1428 1138 A.
1454 1108 1512 1138 Ad.
1537 1108 1587 1139 38.

1101 1162 1219 1193 Zeuxis
1243 1162 1408 1194 succincta
1429 1163 1468 1193 H.
1492 1164 1524 1194 et
1548 1163 1583 1193 A.
1608 1163 1666 1194 Ad.
1692 1163 1742 1194 37.

1101 1217 1219 1248 Zeuxis
1242 1217 1410 1249 vari-:isera
1432 1217 1468 1248 A.
1493 1217 1551 1248 Ad.
1577 1218 1627 1249 38.

1102 1272 1316 1314 Zirphaea
1345 1273 1537 1314 crispata
1566 1273 1648 1304 Lin.
1681 1273 1752 1304 170.

1103 1327 1345 1369 Zizyphinus
1374 1339 1530 1360 consors
1557 1328 1726 1360 Lisehke.
1756 1328 1827 1359 140.

1103 1384 1343 1424 Zizyphinus
1370 1384 1508 1415 hilaris
1535 1383 1703 1415 Lischke.
1734 1384 1804 1414 141.

1102 1439 1343 1480 Zizyphinus
1369 1439 1580 1480 Japonieus
1608 1439 1644 1469 A.
1673 1439 1735 1470 Ad.
1766 1439 1836 1470 141.

1103 1494 1347 1535 Zizyphinus
1374 1494 1593 1526 Jessozznsis
1621 1493 1815 1526 Schrenok.
1844 1494 1915 1525 141.

1103 1549 1345 1591 Zizyphinus
1369 1549 1562 1590 jucundus
1590 1549 1682 1581 Sow.
1711 1549 1782 1580 140.
1808 1549 1879 1581 259.

1102 1604 1343 1646 Zizyphinus
1369 1605 1505 1637 unicus
1531 1605 1615 1637 Dkr.
1645 1604 1715 1636 140.
