2379 3382
893 256 1125 286 —149—

246 341 425 382 Specimina
441 343 581 383 quinque
597 342 680 373 lecta
696 343 771 373 sunt
787 341 889 372 forma
906 343 936 372 et
954 341 1134 382 sculpturae
1158 341 1265 373 indole
1288 344 1503 383 congruentia.
1544 344 1626 375 Haec
1643 345 1763 385 species
1780 345 1934 386 imprimis

90 399 174 430 testa
207 398 353 438 depressa
387 398 490 429 medio
529 398 637 429 leviter
676 397 885 428 canaliculata
924 397 1104 437 insignitur.
1160 398 1301 429 Haliotin
1340 410 1468 439 parvam
1506 399 1638 431 Linnaei
1677 400 1933 441 (canaliculatam

90 452 281 493 Lamarckii)
306 454 339 484 in
363 455 502 484 mentem
525 455 662 490 revocat,
687 463 767 493 quae
790 463 863 483 vero
887 452 988 482 multo
1015 452 1112 492 major
1134 454 1179 484 fit.

244 509 293 540 Ad
316 508 464 540 Padollos
488 508 653 540 Montforti
678 508 825 549 pertinet,
849 508 934 548 quod
959 508 1086 548 quidem
1110 519 1210 548 genus
1232 520 1297 540 non
1321 511 1545 551 adoptaverim.

728 602 909 641 Hai‘iotis
939 610 1160 643 latriam-is
1191 611 1291 643 Phil.

294 677 423 704 Zeitschr.
442 677 485 704 ffil'
503 678 602 705 Malak.
625 677 696 704 1848.
717 685 778 711 pag.
800 678 839 704 15.
859 678 926 705 ΑΜ).
946 678 995 704 vol.
1016 678 1039 705 3.
1059 687 1120 713 pag.
1143 679 1252 706 15-91.
1272 679 1337 706 Tab.
1357 679 1380 706 9.
1399 680 1443 713 fig.
1465 681 1486 706 5.

243 739 369 770 Insulae
391 739 529 770 Liu-Kiu
552 739 633 770 inter
656 739 826 779 Japoniam
850 742 881 770 et
905 740 1041 770 insulam
1066 740 1259 772 Formosam.

242 794 328 825 Haec
352 794 479 826 cochlea
501 795 639 826 varietas
662 794 732 825 Hal.
757 795 869 825 ovinae
894 794 1084 826 Clicinnitzii
1109 807 1176 826 esse
1200 795 1278 826 mihi
1302 796 1434 827 videtur.

673 914 797 948 Genus
820 914 988 948 Teinotis
1010 914 1054 948 H.
1078 916 1116 948 et
1137 914 1182 949 A.
1205 914 1356 949 Adams.

636 991 828 1024 Teinotis
859 993 1026 1024 asinina
1057 993 1140 1024 Lin.
1173 993 1394 1034 (Haliotis).

293 1059 364 1093 Syst.
384 1059 448 1085 Nat.
469 1058 508 1085 ed.
530 1059 569 1086 10.
589 1067 649 1093 pag.
670 1059 727 1086 780.
766 1061 832 1087 Mus.
851 1060 916 1087 Lud.
937 1061 992 1086 Ulr.
1014 1060 1078 1093 Reg.
1099 1069 1159 1094 pag.
1180 1060 1237 1087 685.
1275 1061 1346 1094 Syst.
1372 1060 1438 1087 Nat.
1459 1061 1498 1086 ed.
1521 1060 1558 1087 12.
1582 1069 1642 1095 pag.
1664 1061 1736 1087 1256.
1774 1062 1933 1096 Rumphii

344 1102 411 1128 Mus.
425 1101 488 1128 Tab.
503 1102 543 1129 40.
558 1102 602 1135 fig.
617 1102 644 1129 E.
666 1102 694 1129 F.
733 1102 842 1129 Rccve
862 1103 957 1129 Conch.
977 1104 1043 1129 icon.
1063 1103 1113 1129 vol.
1128 1104 1150 1130 3.
1166 1103 1284 1129 Haliotis
1303 1111 1371 1137 spec.
1388 1103 1426 1129 18.
1466 1103 1538 1137 (Icon
1551 1112 1565 1129 a
1578 1104 1719 1138 specimine
1739 1105 1934 1137 magnitudinis

342 1145 492 1171 inusitatae
511 1145 635 1171 ‹lesumta
654 1146 715 1179 est.)

241 1205 314 1236 Tria
337 1206 511 1246 specimina
536 1206 702 1247 Japonica.
748 1207 784 1238 In
808 1207 994 1238 collectione
1017 1210 1127 1238 nostra
1148 1208 1251 1238 testae.
1275 1218 1291 1238 e
1314 1208 1392 1238 mari
1417 1206 1578 1246 Chinensi‚
1604 1219 1642 1238 ex
1666 1208 1779 1239 insulis
1801 1208 1881 1239 Java
1903 1211 1934 1240 et

86 1260 276 1303 Philippinis
298 1273 356 1293 nec
378 1273 442 1294 non
466 1274 482 1294 e
505 1262 595 1294 Nova
618 1263 787 1294 Hollandia
810 1263 999 1294 occidentali
1023 1265 1161 1294 exstant.

241 1317 326 1349 Haec
343 1318 463 1358 species
487 1318 586 1350 forma
603 1319 767 1359 singulari,
791 1319 956 1359 superficie
980 1319 1136 1359 glabr-cita,
1163 1319 1267 1350 colore
1291 1319 1476 1360 plerumque
1493 1319 1643 1359 olivaceQ
1666 1320 1722 1351 sed
1738 1320 1862 1360 pictura
1877 1321 1934 1352 ad-

86 1372 215 1404 modum
234 1373 388 1412 variabili,
406 1375 589 1414 praesertim
607 1375 739 1406 maculis
756 1375 969 1415 irregulariter
985 1375 1160 1415 triquetris,
1186 1375 1280 1406 lineis
1297 1375 1460 1406 undulatis
1481 1376 1530 1407 vel
1541 1376 1689 1416 pennatis
1706 1376 1859 1416 insignita
1874 1379 1932 1408 est.

239 1428 365 1460 Animal
388 1430 466 1470 pede
489 1430 583 1470 longo
608 1441 714 1462 crasso
742 1431 833 1462 valde
856 1431 1010 1471 producto
1034 1442 1052 1462 a
1075 1431 1173 1462 latere
1207 1431 1448 1463 membranaceo
1473 1433 1505 1463 et
1526 1432 1643 1463 reflexo
1674 1432 1802 1464 dorsum
1831 1435 1934 1465 testae

84 1484 256 1524 obtegente
279 1485 319 1516 ab
343 1485 463 1517 Halioti
485 1497 559 1517 vera.
582 1486 695 1517 differt.
742 1486 847 1524 Testa,
872 1498 942 1518 cum
960 1498 978 1517 a
995 1489 1083 1527 parte
1108 1487 1162 1518 illa
1185 1486 1427 1519 membranacea
1442 1488 1491 1519 ve]
1508 1488 1624 1520 lacinia
1645 1490 1730 1520 tecta
1745 1489 1796 1528 sit,
1814 1500 1935 1530 semper

85 1539 187 1571 nitida
212 1542 260 1572 est
283 1542 313 1571 et
337 1541 528 1581 epidermide
551 1545 646 1573 caret.

852 1687 1164 1734 Pissurellacea.

773 1796 897 1830 Genus
921 1796 1116 1840 Lucapina
1139 1796 1252 1840 Gray.

550 1871 763 1914 Lucapina
793 1874 1004 1907 Sieboldii
1036 1876 1166 1906 Reeve
1197 1874 1463 1916 (Fissurella).

767 1942 832 1969 Tab.
851 1946 944 1969 nostra
963 1944 986 1970 6.
1007 1943 1051 1976 fig.
1075 1944 1112 1969 14.
1134 1944 1172 1969 15.
1192 1951 1246 1969 var.

290 1980 386 2007 Conch.
406 1981 472 2007 icon.
493 1981 637 2008 Fissurella
658 1992 725 2017 spec.
748 1985 802 2011 102.
841 1986 918 2012 Sow.
939 1986 1016 2012 Thes.
1037 1986 1086 2012 vol.
1107 1986 1130 2012 3.
1149 1994 1210 2020 pag.
1233 1985 1290 2012 193.
1311 1986 1355 2018 fig.
1376 1985 1431 2011 138.

236 2042 326 2073 Hanc
356 2042 491 2082 speciem
524 2046 619 2075 antea
649 2045 776 2076 nomine
807 2046 987 2088 Lucapinae
1026 2047 1164 2078 Pfeifferi
1202 2047 1354 2087 descripsi
1378 2046 1507 2086 (Malak.
1531 2046 1577 2077 Bl.
1602 2046 1662 2077 vol.
1687 2045 1736 2076 24.
1761 2056 1831 2086 pag.
1857 2045 1930 2085 17.).

83 2097 138 2128 sed
170 2098 405 2138 comparatione
438 2102 587 2131 accurata
627 2101 758 2132 edoctus
792 2114 877 2141 sum,
922 2103 1004 2134 hanc
1044 2105 1160 2134 testam
1207 2103 1394 2134 varietatem
1431 2104 1558 2133 tantum
1593 2102 1708 2143 speciei
1745 2102 1928 2133 Reeveanae

82 2156 328 2194 repraesentare.

237 2210 334 2242 Testa
365 2211 513 2252 oblonga,
545 2213 706 2252 conoidea7
740 2214 956 2253 solidiuscrssa,
979 2217 1050 2246 tota
1073 2215 1155 2253 alba,
1181 2214 1229 2245 vel
1254 2214 1387 2245 maculis
1411 2214 1529 2254 sparsis
1553 2213 1651 2244 fuscis
1675 2213 1810 2253 signata,
1835 2213 1932 2244 costis

82 2264 282 2299 radiantibus
312 2269 499 2307 compressis
530 2269 704 2301 imbricatis
738 2270 871 2308 10—11‚
896 2271 1012 2301 antieis
1036 2270 1212 2301 minoribus
1236 2270 1353 2308 densis,
1377 2269 1509 2310 posticis
1539 2269 1712 2309 majoribus
1737 2268 1932 2299 distantibus

83 2321 254 2362 instructa3
279 2324 420 2355 costulae
436 2324 468 2354 in
485 2324 667 2356 interstitiis
684 2325 774 2356 lineis
799 2326 1008 2357 concentricis
1032 2326 1164 2357 elevatis
1188 2326 1398 2364 cancellatae3
1422 2325 1563 2357 foramen
1587 2335 1737 2366 magnum
1759 2325 1930 2356 rotundato

83 2380 227 2409 -ovatum
243 2379 370 2410 tertiam
387 2380 597 2420 longitudinis
622 2383 742 2421 partem
759 2384 881 2420 tenens,
906 2382 1082 2422 marginem
1098 2393 1209 2413 versus
1225 2382 1367 2413 anticum
1390 2381 1590 2419 inclinatum,
1614 2381 1701 2412 intus
1717 2380 1797 2412 callo
1815 2380 1930 2420 exiguo

82 2435 240 2474 cinctum3
272 2435 400 2466 dorsum
429 2436 520 2468 valde
551 2436 759 2475 fornicatmn3
794 2448 903 2478 margo
939 2438 1158 2469 suber-enatus.
1206 2437 1322 2469 Costae
1355 2437 1541 2468 canaliculis
1574 2436 1774 2467 radiantibus
1808 2436 1931 2467 interne

81 2491 273 2523 indicantur.

240 2546 422 2588 Specimina
452 2549 561 2579 nostra
592 2548 718 2579 18—:22
741 2548 818 2579 mill.
843 2548 939 2589 longa
961 2548 1157 2588 Lucapinam
1193 2548 1422 2589 (Fissurellam)
1457 2549 1665 2590 calyculatam
1690 2548 1772 2580 Sow.
1799 2547 1928 2588 (Conch.

83 2602 129 2634 Ill.
153 2603 205 2644 fig.
232 2604 281 2634 19.
306 2603 356 2634 21.
381 2603 472 2634 Thes.
497 2603 548 2644 fig.
574 2603 644 2634 126.
672 2604 756 2643 127.)
780 2604 812 2635 in
836 2606 972 2635 mentem
997 2606 1123 2642 vocant,
1148 2614 1228 2644 quae
1252 2615 1325 2635 vero
1349 2605 1465 2636 vertice
1489 2605 1620 2643 elevato,
1651 2604 1802 2636 foramine
1831 2613 1930 2644 paene.

82 2659 225 2691 circulari
249 2660 349 2691 multo
372 2660 502 2698 minore,
526 2659 679 2691 lateribus
710 2660 826 2691 directe
855 2660 999 2700 abruptis
1023 2671 1124 2700 neque
1149 2660 1242 2692 dorso
1267 2659 1422 2692 fornicato
1453 2660 1578 2692 abunde
1609 2660 1721 2692 differt.
1768 2660 1929 2699 Lucapina
