2379 3382
936 256 978 261 -
1025 238 1176 270 263-

983 322 1053 355 Pag.
1073 321 1130 348 121.

780 382 1016 415 Turi-itella
1046 392 1167 414 cerea
1196 381 1337 414 Reeve.

329 448 427 476 Conch.
445 449 513 476 icon.
532 448 598 476 Tab.
619 449 642 476 6.
662 449 708 483 fig.
730 449 772 476 25.
809 449 960 476 Lischkc
981 449 1041 483 Jap.
1062 450 1097 477 M.
1118 449 1216 477 Conch.
1237 449 1288 477 vol.
1309 450 1330 476 1.
1349 457 1411 484 pag.
1432 450 1471 477 72.

276 509 451 551 Nagasaki.

719 594 886 635 Eglisia
917 593 1134 634 Cumingii
1164 594 1200 625 A.
1232 594 1391 628 Adams.

335 661 412 688 Proc.
431 661 502 688 Zool.
522 661 580 687 Soc.
601 660 675 688 1850.
695 668 758 695 pag.
777 661 837 688 204.

119 732 177 763 pro
205 721 336 755 cochlea
359 721 516 762 Japoniea
539 721 709 762 declarata,
733 724 832 754 antea
855 722 974 754 omissa
998 724 1056 754 est.
1102 721 1243 763 Eglisiae
1266 722 1447 755 Tun-stellis
1470 722 1693 764 adjungendae
1715 726 1800 756 sunt.

983 806 1050 840 Pag.
1069 805 1129 833 205.

283 865 484 908 Cyclinae
513 867 742 908 splendida
769 869 809 898 et
839 866 1092 907 bombycina
1126 865 1232 898 Rom.
1270 866 1312 898 ab
1343 868 1474 898 auctore
1503 867 1537 898 in
1566 866 1656 899 Proc.
1687 867 1773 899 Zool.
1805 866 1877 900 Soc.
1905 878 1990 900 anno

121 920 213 954 1860.
237 932 310 963 pag.
335 922 407 955 124.
436 933 494 964 pro
517 922 649 955 conchis
672 922 839 963 Japonicis
862 922 1051 962 descriptae,
1077 922 1133 954 sed
1157 923 1254 954 antea
1272 922 1419 961 omissae,
1441 921 1521 954 mihi
1537 922 1723 963 incognitae
1738 924 1823 955 sunt.
1852 922 1991 956 Exstant

118 977 152 1008 in
174 976 286 1010 Museo
309 977 496 1010 Britannico
526 977 728 1019 (collectione
751 977 980 1010 Molluscorum
1004 976 1242 1018 Cumingiana).

983 1073 1051 1107 Pag.
1072 1073 1130 1100 239.

278 1133 467 1167 Pectinibus
490 1134 657 1176 Japonicis
681 1134 707 1165 P
717 1145 733 1166 e
743 1145 760 1166 c
770 1136 783 1166 t
793 1145 839 1166 en
869 1145 901 1166 m
911 1135 1063 1166 ollitus
1098 1134 1127 1166 R
1137 1144 1153 1166 e
1163 1145 1207 1166 ev
1217 1145 1234 1165 e
1257 1133 1392 1173 (Conch.
1416 1135 1497 1166 icon.
1523 1145 1607 1175 spec.
1633 1133 1719 1173 100.)
1742 1134 1907 1167 addendus
1930 1136 1988 1167 est.

275 1393 390 1425 Errata
412 1393 569 1425 nonnulla
592 1393 824 1434 typographica
847 1394 967 1426 leviora
990 1405 1143 1427 excusare
1166 1395 1255 1435 velis,
1278 1387 1379 1427 lector
1400 1394 1564 1427 benevole.
