2379 3382
107 385 242 421 deretur,
266 386 373 415 tamen
397 384 497 414 testas
520 384 647 413 nostras
670 392 726 422 pro
750 380 960 423 varietatibus
992 380 1103 411 habeo.
1151 379 1273 410 Pariter
1295 378 1441 410 Natieam
1473 380 1681 420 ponderosam
1705 381 1785 412 Phil.
1810 392 1867 412 nec
1891 392 1953 413 non

106 439 254 471 Naticam
287 438 480 480 piriformem
503 438 587 469 Recl.
613 436 681 477 (cfr.
706 436 787 468 Phil.
811 436 830 467 l.
855 447 880 467 c.
905 446 976 476 pag.
1001 434 1066 473 60.)
1090 435 1152 466 huc
1174 434 1288 471 refero,
1321 446 1390 465 cum
1424 436 1504 466 inter
1533 439 1642 467 nostra
1673 437 1846 476 specimina
1877 448 1955 468 non-

106 496 195 527 nulla
220 495 326 526 eadem
352 494 452 526 forma
475 493 687 525 inveniantur.

261 550 303 581 Ut
328 550 465 591 Philippi
490 550 521 581 in
546 548 758 588 descriptione
790 546 922 578 Naticae
949 545 1109 577 Mamillae
1132 548 1217 577 recte
1239 548 1358 583 monet,
1393 545 1554 577 Linnaeus
1585 548 1712 578 nomine
1738 547 1864 578 Neritae
1888 559 1954 578 ma-

106 607 212 639 millae
234 607 339 647 plures
363 606 483 647 species
507 604 681 644 conjunxit.

803 713 927 746 Genus
950 712 1123 746 Naticina
1147 712 1259 756 Gray.

656 792 849 823 Naticina
879 791 1037 831 papilla
1066 790 1184 822 Gmel.
1217 790 1399 829 (Nerita).

314 862 384 895 Syst.
404 861 468 887 Nat.
487 860 527 887 ed.
550 861 587 887 13.
608 868 669 895 pag.
689 859 763 885 3675.
801 858 938 892 Pupilla
965 867 1019 884 seu
1049 866 1136 884 ruina
1166 858 1248 883 felis
1278 858 1404 884 Chemn.
1431 858 1527 884 (jonah.
1550 857 1613 884 Cal).
1635 858 1683 884 vol.
1704 859 1725 883 5.
1747 866 1806 891 pag.
1827 858 1883 884 285.
1903 859 1947 891 fig.

367 904 439 930 1939.
460 906 509 931 etc.

265 966 358 997 Plura
381 965 555 1006 specimina
579 965 679 996 forma
706 964 820 995 latiore
843 965 874 994 et
898 963 1084 1002 angustiore
1107 962 1265 993 variantia
1288 964 1426 993 exstant.
1473 961 1567 993 Statu
1592 962 1714 1002 integro
1738 964 1821 993 testa
1837 962 1957 1002 epider—

108 1022 191 1053 mide
225 1022 313 1053 tenui
347 1032 460 1053 cornea
495 1021 612 1052 vestita
642 1022 699 1051 est.
746 1019 772 1049 A
795 1018 958 1050 nonnullis
993 1017 1241 1058 conchyliologis
1276 1029 1347 1048 cum
1382 1017 1537 1057 Sigaretis
1567 1018 1614 1048 vel
1647 1017 1770 1048 Catinis
1801 1017 1955 1057 jungitur.

108 1077 266 1118 Respeetu
298 1077 408 1108 habito
436 1079 538 1108 testae
572 1076 700 1108 cochlea
734 1077 844 1106 nostra
877 1075 961 1105 inter
983 1074 1103 1104 Rumas
1128 1076 1158 1104 et
1183 1073 1347 1113 Sigaretos
1382 1073 1485 1104 locum
1515 1076 1613 1112 tenet,
1638 1073 1677 1104 ad
1700 1073 1862 1113 Sigaretos
1885 1084 1957 1104 vero

107 1134 237 1175 propius
260 1133 407 1164 accedere
429 1133 554 1164 videtur
577 1143 672 1172 quam
697 1132 736 1163 ad
761 1131 889 1162 Rumas.
935 1130 980 1161 De
1004 1129 1108 1161 incola
1131 1129 1299 1160 Naticinae
1323 1128 1404 1160 conf.
1430 1129 1465 1160 A.
1491 1129 1608 1160 Adams
1633 1131 1724 1160 notes
1747 1140 1787 1160 on
1811 1129 1865 1160 the
1889 1129 1956 1160 ani-

111 1189 193 1222 mals
216 1189 251 1221 of
271 1189 388 1221 certain
413 1199 528 1229 genera
551 1188 584 1219 of
604 1187 758 1219 Mollusca
781 1187 813 1218 in
839 1187 919 1217 Ann.
943 1186 1005 1217 and
1029 1185 1112 1226 Mag.
1136 1186 1216 1225 Aug.
1243 1184 1334 1215 1860.
1359 1195 1430 1225 pag.
1457 1184 1525 1215 109.

800 1306 827 1338 G
833 1315 925 1339 enus
947 1304 1145 1347 Sigaretus
1168 1303 1267 1338 Lam.

580 1384 800 1425 Sigaretus
831 1384 1073 1424 insculptus
1104 1383 1246 1415 Adams
1276 1385 1314 1414 et
1344 1382 1485 1413 Reeve.

315 1454 383 1481 Zool.
405 1454 466 1487 Voy.
488 1453 589 1479 Samar.
610 1452 681 1478 Moll.
701 1460 761 1486 pag.
782 1453 821 1478 55.
842 1452 906 1478 Tab.
929 1452 966 1478 13.
987 1452 1030 1485 fig.
1052 1452 1092 1477 10.

261 1515 427 1556 Specimeu
471 1515 644 1546 maximum
683 1524 778 1554 prope
816 1513 1011 1553 Wakayama
1049 1513 1144 1544 maris
1183 1511 1338 1552 Japoniae
1377 1510 1598 1542 mediterranei
1640 1511 1765 1548 lectum,
1803 1510 1843 1541 52
1882 1511 1957 1541 mill.

108 1573 207 1603 latum
231 1574 287 1603 est.

264 1628 350 1659 Haec
373 1627 494 1668 species
517 1627 615 1658 costis
639 1626 779 1667 planatis
802 1625 874 1666 plus
897 1625 1043 1656 minusve
1066 1623 1263 1655 distantibus
1279 1626 1311 1655 et
1327 1623 1509 1654 interstitiis
1530 1623 1773 1663 plano-cavatis,
1797 1623 1959 1663 sculptura

107 1685 237 1717 omnino
261 1684 418 1725 asperiore
442 1684 590 1724 spiraque
612 1681 792 1723 prominula
815 1691 872 1712 nec
894 1692 958 1712 non
983 1680 1072 1720 apice
1096 1680 1302 1711 lividescente
1336 1679 1538 1719 potissimum
1572 1679 1783 1719 cognoscitur.
1829 1679 1959 1719 Epider-

107 1741 167 1773 mis
190 1740 306 1782 pallide
333 1751 446 1772 cornea
469 1739 600 1771 decidua
623 1739 807 1779 plerumque
831 1736 975 1768 dehiscit.

262 1796 443 1837 Specimina
466 1797 577 1827 nostra
600 1794 749 1826 Sinensia
771 1794 871 1824 multo
895 1793 1018 1824 minora
1041 1794 1125 1824 sunt..

262 1852 426 1893 Sigal-etus
460 1851 587 1883 Leachii
623 1848 872 1891 (Cryptostoma)
897 1849 935 1880 (le
958 1849 1082 1880 Blainv.
1115 1848 1210 1889 (Sow.
1246 1847 1323 1879 Gen.
1349 1848 1384 1879 of
1405 1847 1509 1879 Shells
1533 1858 1582 1878 no.
1611 1847 1657 1878 19.
1705 1846 1806 1878 Reeve
1839 1846 1956 1877 Conch.

109 1911 184 1950 syst.
210 1909 270 1940 vol.
295 1909 323 1939 2.
348 1919 420 1949 pag.
446 1908 495 1939 39.
520 1907 596 1938 Tab.
622 1907 692 1937 148.
717 1906 768 1946 fig.
794 1905 837 1946 3.)
862 1905 946 1946 quod
983 1905 1101 1936 attinet.
1131 1905 1170 1935 ad
1202 1904 1398 1945 sculpturam
1434 1904 1587 1944 analogus
1618 1905 1676 1942 est,
1708 1903 1760 1933 sed
1792 1903 1876 1943 spira
1906 1902 1958 1933 de-

106 1965 260 2006 pressiore
285 1965 359 1996 alba
382 1964 494 1996 differt.

681 2048 900 2089 Sigaretus
931 2047 1162 2080 undulatus
1191 2046 1384 2078 Lischke.

313 2119 371 2154 Jap.
391 2119 426 2145 M.
447 2117 542 2144 Conch.
563 2117 612 2144 vol.
632 2117 655 2143 3.
676 2125 736 2151 pag.
756 2117 796 2142 54.
816 2116 880 2142 Tab.
900 2116 922 2142 3.
943 2116 987 2149 fig.
1009 2116 1115 2141 11—14.

261 2181 406 2222 Sigareto
430 2181 577 2221 depresso
601 2178 752 2220 Philippii
775 2177 882 2209 affinis
906 2179 1003 2217 atque
1026 2177 1104 2208 adeo
1128 2176 1305 2217 depressior
1327 2178 1384 2207 est.

260 2237 356 2268 Plura
379 2236 552 2278 specimina
575 2234 782 2276 congruentia
805 2235 944 2265 exstant..

679 2337 899 2378 Sigal-etus
930 2337 1162 2378 Japonicus
1194 2335 1376 2367 Lischke.

312 2409 371 2443 Jap.
392 2409 425 2434 M.
446 2407 542 2434 Conch.
561 2406 613 2433 vol.
631 2407 655 2433 ‘.'·.
675 2414 736 2440 pag.
757 2407 789 2432 55
817 2405 881 2432 Tab.
901 2405 924 2431 3.
944 2405 988 2437 fig.
1011 2405 1116 2431 15—17.

261 2471 426 2511 Specimen
450 2469 579 2501 unicum
602 2479 620 2499 a
643 2468 716 2499 clar.
741 2467 877 2498 Lischke
901 2469 1076 2507 acceptum.

729 2587 853 2621 Genus
876 2586 1095 2620 Ainaurella
1116 2585 1161 2619 A.
1184 2584 1335 2618 Adams.

261 2668 342 2700 Clar.
376 2671 487 2700 auctor
519 2667 654 2708 speciem
688 2666 783 2697 huius
820 2666 943 2706 generis
977 2665 1116 2706 typicam
1141 2665 1173 2695 in
1198 2663 1279 2694 Ann.
1305 2663 1367 2694 and
1393 2662 1475 2702 Mag.
1500 2661 1535 2693 of
1554 2661 1627 2693 Nat.
1656 2661 1737 2692 Hist.
1770 2659 1859 2690 1860.
1884 2670 1955 2699 pag.

107 2724 179 2756 407.
205 2725 331 2757 nomine
353 2723 554 2756 Maerocheili
577 2723 723 2764 Japoniei
755 2722 922 2763 descripsit
953 2723 1123 2759 annotans,
1158 2719 1351 2751 cochleolam
1375 2719 1487 2750 habitu
1512 2717 1722 2749 Macrocheilo
1747 2718 1839 2747 acuto
1864 2714 1955 2745 Phill.
