2317 3387
1156 280 1390 312 -230-

1011 366 1184 398 Avicula
1211 365 1415 405 Japonica
1447 364 1533 395 Dkr.

556 436 682 462 Zeitschr.
702 435 744 461 fiir
763 434 860 460 Malak.
882 433 954 460 1852.
975 441 1034 467 pag.
1055 434 1096 460 73.
1133 433 1210 459 Gatt.
1231 433 1341 458 Avicula
1361 432 1376 458 l.
1395 441 1415 458 c.
1436 439 1495 465 pag.
1516 430 1555 457 33.
1576 429 1639 457 Tab.
1662 431 1699 456 10.
1720 430 1763 464 fig.
1784 430 1806 456 5.

504 497 590 529 Mare
611 496 802 537 Japonicum
826 495 887 526 fide
909 494 994 525 beati
1018 493 1259 534 Seheepmaker.

506 552 672 594 Specimen
696 550 850 591 originale
873 550 906 581 in
929 548 1038 580 Museo
1062 548 1311 580 Loebbeckeano
1336 546 1580 587 Dusseldorpino
1605 556 1688 577 1111110
1711 548 1899 577 asservatur.

506 608 590 639 Haec
612 607 754 648 aliaeque
777 605 897 647 species
920 616 968 636 ex.
993 615 1038 645 gr.
1067 604 1143 644 „Ala
1167 604 1251 634 corvi
1275 602 1428 643 pendula“
1453 601 1644 633 Chemnitzii
1662 601 1819 642 propriam
1836 600 2037 632 Avicularum
2053 600 2191 632 formant

353 666 525 698 sectionem
555 666 585 695 et
613 662 740 704 quidem
767 661 926 693 meliorem
954 670 1050 701 quam
1082 659 1303 699 Meleagrinae,
1331 669 1412 698 quae
1443 669 1496 698 per
1527 657 1630 688 varios
1659 657 1814 688 transitus
1841 667 1912 688 cum
1941 655 2081 687 Aviculis
2110 656 2192 687 veris

356 721 543 761 conjunctae
565 721 650 757 sunt,
674 729 736 759 qua
759 717 797 748 de
820 727 916 748 causa.
937 715 1145 755 Meleagrinas
1170 725 1224 754 pro
1248 724 1360 754 genere
1384 713 1508 754 proprio
1539 723 1709 753 agnoscere
1737 723 1868 752 nequeo.
1920 711 2032 743 Forma
2061 713 2192 742 externa.

354 775 571 817 pervariabilis
594 776 650 812 est,
675 773 729 805 sed
753 783 861 804 omnes
884 770 1016 802 eandem
1039 772 1191 801 testarum
1217 771 1408 799 structuram
1433 770 1589 800 internam
1612 771 1642 800 et
1667 771 1830 800 externam
1853 767 1998 799 offerunt.

1071 922 1195 955 Grenus
1218 921 1353 955 Melina
1377 921 1480 954 Retz.

960 1008 1112 1040 Melina
1141 1019 1265 1048 perna
1295 1008 1376 1038 11111.
1407 1007 1591 1048 (Ostrea).

562 1080 670 1106 Perna
689 1077 832 1104 Liunaei
853 1077 917 1102 Pfr.
956 1076 1089 1109 Wiegtn.
1109 1075 1186 1101 Arch.
1206 1076 1256 1102 vol.
1276 1076 1299 1101 ὃ.
1322 1076 1341 1102 l.
1366 1076 1437 1102 1840.
1459 1083 1518 1109 pag.
1538 1076 1594 1102 260.
1632 1076 1757 1101 Ostrea
1777 1075 1884 1101 Perna
1909 1073 2009 1100 Gmel.
2036 1073 2106 1106 Syst.
2131 1071 2194 1098 Nat.

614 1122 653 1148 ed.
675 1122 712 1147 13.
732 1129 800 1155 spec.
825 1120 879 1146 124.
918 1119 1049 1145 Chemn.
1070 1118 1165 1144 Conch.
1187 1118 1249 1144 Cab.
1269 1118 1319 1144 vol.
1339 1119 1363 1143 7.
1382 1127 1442 1152 pag.
1462 1118 1519 1144 252.
1539 1118 1603 1144 Tab.
1623 1118 1664 1145 59.
1683 1118 1727 1151 fig.
1748 1118 1803 1144 580.
1823 1117 1943 1151 (excepta
1962 1117 2035 1142 icone
2054 1114 2122 1148 579).
2142 1113 2194 1140 Cfr.

614 1165 688 1192 ljkr,
720 1163 791 1190 Moll.
820 1163 897 1189 Guin.
926 1170 986 1196 pag.
1005 1162 1045 1187 44.
1065 1160 1128 1187 Tab.
1148 1164 1170 1186 ὅ.
1190 1162 1253 1194 figg.
1282 1162 1372 1188 7-10.
1400 1170 1468 1188 varr.
1494 1161 1704 1195 Isoguomuxn
1735 1161 1842 1186 Perna
1872 1159 2014 1192 (Ostrea)
2044 1158 2149 1191 Lin.*)
2168 1158 2196 1183 et

614 1208 754 1235 Lischke
773 1207 831 1240 Jap.
852 1206 886 1232 M.
905 1205 1001 1231 Conch.
1022 1204 1072 1229 vol.
1091 1204 1114 1229 2.
1135 1212 1194 1237 pag.
1216 1204 1271 1230 153.
1292 1204 1336 1230 ubi
1355 1205 1419 1230 haec
1438 1204 1537 1230 convha
1556 1204 1662 1230 uberius
1681 1205 1801 1230 tractata
1819 1205 1868 1229 est.

513 1270 692 1312 Speeimina
716 1271 825 1300 nostra
846 1266 999 1308 Japonica
1023 1265 1115 1306 plane
1139 1266 1329 1305 respondent
1353 1266 1400 1304 iis,
1424 1277 1504 1306 quae
1528 1277 1567 1297 ex
1596 1265 1707 1297 insulis
1738 1264 1874 1301 Antillis.
1906 1264 1996 1295 litore
2024 1261 2197 1294 Guineensi

360 1329 492 1369 aliisque
514 1327 605 1359 terris
629 1326 825 1367 proveniunt.

978 1422 1129 1454 Melina
1159 1421 1386 1452 costellata
1415 1420 1585 1451 Conrad.

563 1492 653 1518 Journ.
674 1491 701 1516 of
717 1491 763 1517 the
783 1490 862 1517 Acad.
888 1491 915 1516 of
931 1490 994 1517 Nat.
1016 1491 1055 1516 Sc..
1075 1490 1103 1515 of
1119 1488 1222 1515 Philad.
1243 1488 1292 1514 vol.
1312 1489 1334 1514 Τ.
1361 1496 1420 1522 pag.
1446 1487 1503 1513 247.
1531 1487 1582 1512 tide
1607 1487 1716 1512 Rem-e
1741 1485 1836 1512 Conch.
1863 1485 1928 1511 10011.
1956 1484 2040 1509 Perna
2065 1492 2132 1517 spec.
2159 1483 2197 1509 16.

616 1534 740 1560 Melina
759 1533 955 1559 costellata
976 1532 1137 1558 8011101101(
1158 1531 1257 1557 Α1111111.
1279 1531 1348 1556 Mon.
1371 1530 1507 1564 11119493.

513 1595 687 1627 Hakodate.
712 1595 833 1625 insulae
857 1593 1027 1625 Sandwich
1052 1592 1248 1634 (Schrenek).

514 1652 678 1682 Praeterea
695 1651 766 1682 clar.
785 1651 821 1681 de
838 1649 999 1681 Schrenck
1022 1648 1139 1679 Μο1111
1151 1660 1206 1679 arn
1225 1646 1420 1687 (Pernam)
1446 1646 1726 1677 Australieam
1739 1644 1783 1683 **)
1808 1644 1950 1675 Reevei
1969 1642 2099 1684 (Conch.
2118 1643 2198 1674 icon.

365 1709 465 1740 Perna
488 1719 569 1748 spec.
597 1707 657 1746 12.)
682 1707 763 1738 inter
786 1705 973 1737 Concliifera
995 1705 1150 1745 Japonica
1177 1703 1372 1735 enumeravit
1403 1714 1466 1734 una
1489 1713 1559 1733 011111
1588 1702 1690 1742 specie
1720 1700 1925 1732 antecedente
1952 1702 2115 1740 repertam,
2146 1697 2200 1729 sed

363 1768 469 1805 aperte
493 1764 652 1799 confiteor,
676 1762 758 1793 hanc
780 1764 894 1793 testam
920 1761 996 1792 mihi
1021 1761 1111 1791 valde
1134 1760 1299 1791 dubiosam
1324 1769 1400 1790 esse.
1447 1758 1528 1789 Sunt
1552 1757 1634 1788 enim
1665 1757 1849 1787 Melinarum
1881 1756 1999 1796 species
2031 1754 2201 1786 admodum

362 1820 530 1851 variabiles
552 1821 584 1850 et
606 1819 747 1849 Reeveus
772 1817 852 1848 hanc
877 1817 923 1847 vel
948 1816 1032 1847 illam
1057 1816 1241 1846 varietatem
1266 1817 1321 1846 aut
1346 1813 1577 1845 deformitatem
1600 1815 1753 1844 testarum
1778 1823 1832 1852 pro
1856 1811 2020 1852 speciebus
2042 1809 2201 1842 distinctis

364 1876 512 1907 habuisse
539 1874 671 1906 videtur.

1023 1982 1147 2015 Genus
1170 1981 1326 2015 Malleus
1349 1979 1543 2014 Laniarck.

991 2068 1168 2099 Malleus
1199 2067 1320 2098 albus
1351 2066 1576 2098 Chemnitz.

571 2138 691 2163 Ostrea
713 2135 859 2162 mallens
878 2135 978 2161 albus
999 2135 1132 2161 011011111.
1154 2134 1250 2161 Cone-11.
1272 2134 1335 2160 Cal).
1356 2134 1404 2160 vol.
1427 2134 1465 2160 11.
1486 2142 1546 2167 pag.
1565 2133 1622 2159 257.
1660 2133 1769 2158 Reeve
1790 2131 1885 2158 Concll.
1906 2132 1970 2157 icon.

521 2198 699 2239 Specimina
723 2197 876 2237 Japoniea
900 2196 985 2227 nullo
1010 2196 1102 2227 modo
1127 2195 1306 2235 discrepant
1329 2194 1369 2225 ab
1394 2195 1440 2232 iis,
1464 2205 1545 2234 quae
1569 2194 1607 2225 ad
1631 2194 1751 2225 insulas
1774 2192 1972 2233 Philippinas
2001 2194 2032 2223 et
2062 2191 2094 2222 in
2126 2190 2205 2222 mari

368 2255 518 2287 Chinensi
542 2254 750 2294 reperiuntur.
797 2253 880 2283 Inter
902 2252 1094 2292 exemplaria
1117 2251 1311 2282 collectionis
1335 2253 1459 2281 nostrae
1483 2262 1581 2282 unum
1605 2252 1709 2281 exstat
1737 2248 1911 2290 pergrande
1936 2250 1966 2279 et
1990 2250 2203 2279 monstrosum

368 2312 417 2342 ala
434 2311 556 2351 postica
579 2309 739 2350 duplicata
762 2308 895 2349 insigne.
941 2307 1122 2347 Specimina
1141 2307 1293 2347 juvenilia
1317 2306 1430 2346 pallide
1454 2317 1566 2338 cornea
1582 2306 1744 2337 subvitrea
1759 2305 1903 2343 nitentia,
1920 2303 2027 2344 strigis
2043 2302 2206 2334 nonnullis

369 2367 620 2398 suscescentibus
643 2365 770 2405 signata
792 2366 877 2402 sunt,
901 2375 996 2404 quam
1020 2364 1174 2403 picturam
1198 2363 1230 2393 in
1253 2362 1345 2393 testis
1367 2362 1489 2393 adultis
1510 2362 1691 2402 plerumque
1714 2361 1817 2392 adesis
1847 2362 1878 2391 et
1911 2359 2051 2391 contusis
2081 2358 2206 2399 saepius

369 2434 494 2464 quoque
518 2422 601 2454 ealce
624 2421 733 2452 aliisve
758 2419 941 2460 corporibus
965 2419 1150 2450 incrustatis
1174 2429 1336 2458 uunquam
1361 2418 1433 2449 vidi.

523 2575 547 2608 *)
567 2575 621 2600 Hoc
640 2582 734 2600 nomen
753 2574 903 2607 genoricum
925 2572 1023 2598 Kleinii
1042 2574 1123 2598 autea
1140 2571 1331 2606 adoptaveram
1351 2572 1419 2597 sicut
1438 2573 1464 2597 et
1486 2571 1532 2597 alii
1551 2570 1744 2604 conchyliologi
1763 2578 1792 2595 00
1811 2571 1932 2596 utuntur.
1970 2569 2034 2595 Cum
2054 2576 2113 2594 vero
2135 2567 2208 2594 Klei-

370 2618 427 2644 nius
448 2617 566 2644 diversas
589 2617 704 2651 ejusde-111
729 2617 834 2650 generis
857 2617 957 2650 specics
982 2623 1041 2641 cum
1065 2615 1125 2641 aliis
1150 2614 1291 2648 generibus
1317 2614 1490 2647 conjunxerit,
1517 2614 1606 2647 generi
1636 2613 1824 2646 „Isognomow
1849 2613 1891 2646 jus
1916 2611 2065 2646 prioritatis
2091 2619 2141 2637 non
2167 2612 2208 2636 est

370 2660 573 2691 concedendum,
593 2663 623 2686 ut
642 2662 712 2686 recte
729 2659 783 2693 jam
803 2659 943 2685 annotavit
963 2659 1025 2685 clar.
1045 2658 1077 2683 (10
1096 2658 1227 2684 8011101101(
1247 2658 1354 2691 (misen
1374 2657 1426 2683 111111
1447 2657 1550 2683 Forsch.
1572 2657 1607 2682 im
1627 2657 1727 2683 Amurl.
1747 2656 1796 2682 vol.
1817 2656 1839 2683 2.
1858 2664 1919 2690 pag.
1939 2655 2018 2688 493.).

506 2704 547 2737 **)
567 2704 734 2730 Australicus
753 2711 803 2729 nun
822 2704 862 2729 est
882 2701 989 2728 verbum
1011 2701 1133 2727 latinum.
