2379 3382
930 224 1164 255 -233—

276 308 359 340 Haec
383 309 502 340 concha
525 309 557 340 in
582 309 799 340 remotissimis
823 310 1004 350 regionibus
1028 310 1195 342 observata
1219 314 1274 342 est.

277 363 458 405 Specimina
481 365 604 396 minora
628 367 766 396 exstant.

628 450 828 482 Barbatia
859 450 1155 490 Domingensis
1186 451 1285 483 Lam.
1319 452 1456 494 (Arca).

329 517 414 543 Anim.
434 525 495 543 sans
515 521 580 543 vert.
601 518 650 544 vol,
673 518 695 543 6.
717 525 776 551 pag.
797 517 856 543 467.

277 578 356 609 Clar.
382 578 518 609 Lischke
541 579 623 609 hanc
647 579 782 619 speciem
807 578 976 609 admodum
1000 578 1181 609 variabilem
1207 579 1315 610 multis
1333 580 1363 610 in
1381 581 1472 611 terris
1497 581 1621 612 obviam
1647 583 1804 614 uberrime
1829 584 1963 623 optime-

123 645 182 674 que
207 634 355 665 tractavit
379 633 445 674 (cfr.
469 634 538 674 Jap.
563 634 604 665 M.
631 634 746 665 Conch.
772 634 831 665 vol.
856 633 884 664 2.
909 644 979 673 pag.
1007 633 1089 673 142).

277 688 457 730 Specimina
481 689 642 730 complura
666 701 704 721 ex
728 692 817 730 parte
840 692 1041 720 monstruosa
1066 690 1095 720 in
1121 690 1304 721 collectione.
1328 691 1549 723 Molluscoruni
1578 692 1801 732 Japonicorum
1825 698 1962 726 exstant.

277 745 323 775 Ad
347 745 624 785 Daphnodermata
647 745 767 777 Morchi
791 745 898 786 (Polii)
922 745 1068 785 pertinet.

742 855 866 890 Genus
889 855 1202 890 Anonialocardia
1226 856 1349 890 Klein.

623 934 976 966 Anomalocardia
1007 945 1187 974 granosa
1215 935 1297 965 Lin.
1332 937 1469 974 (Arca).

326 1001 396 1034 Syst.
418 1001 481 1027 Nat.
495 1000 534 1027 ed.
557 1002 594 1027 10.
617 1010 676 1035 pag.
697 1002 754 1028 694.
774 1001 813 1028 ed.
836 1002 874 1028 12.
895 1010 954 1035 pag.
977 1001 1048 1028 1142.
1087 1002 1245 1036 Rumphii
1265 1003 1330 1028 Mus
1351 1002 1414 1029 Tab.
1434 1003 1473 1029 44.
1499 1004 1542 1036 fig.
1564 1004 1594 1030 K.
1632 1004 1761 1031 Chemn.
1783 1004 1878 1031 Conch.
1900 1005 1962 1032 Cab.

376 1044 425 1070 vol.
446 1045 467 1070 7.
487 1044 530 1077 fig.
551 1045 608 1071 557.
647 1045 754 1071 Reeve
774 1045 870 1071 Conch.
890 1046 955 1071 icon.
976 1045 1044 1070 Area
1062 1053 1129 1078 spec.
1153 1046 1189 1071 15.
1210 1045 1254 1078 fig.
1267 1053 1289 1071 a.
1304 1045 1328 1071 b.
1349 1046 1446 1077 (leones
1465 1046 1600 1080 optimae).

274 1105 402 1137 Concha
426 1116 464 1136 ex
489 1116 606 1137 oceano
635 1106 774 1137 Asiatico
799 1107 877 1138 satis
902 1107 1026 1146 cognita
1053 1109 1115 1141 θεῖς
1140 1106 1313 1147 specimina
1340 1106 1495 1147 Japonica
1524 1110 1650 1138 tantum
1681 1108 1802 1139 minora
1825 1110 1961 1139 exstant.

274 1161 434 1192 Linnaeus
458 1161 489 1192 in
514 1161 594 1193 Mus.
618 1162 696 1193 Lud.
722 1162 786 1194 Ulr.
811 1173 882 1203 pag.
909 1162 971 1193 519
995 1162 1107 1193 Arcam
1131 1173 1301 1202 granosam
1318 1163 1508 1200 describens,
1532 1164 1663 1195 alteram
1679 1166 1795 1195 testam
1812 1165 1963 1195 minorem

120 1217 350 1249 subrotundam
385 1218 491 1249 albam
522 1218 561 1249 ad
595 1219 767 1259 marginem
799 1229 911 1259 parum
940 1218 1149 1249 rubicundam
1182 1219 1334 1250 nominat.
1388 1218 1436 1250 Ex
1467 1219 1516 1250 his
1546 1219 1650 1251 verbis
1681 1220 1826 1251 concludi
1858 1222 1961 1260 potest

119 1273 293 1305 Linnaeum
324 1274 402 1305 (luas
436 1274 557 1314 species
589 1274 779 1312 confudisse,
814 1285 850 1306 eo
882 1275 983 1314 magis
1015 1285 1083 1305 cum
1116 1274 1147 1304 in
1183 1273 1266 1314 Syst.
1303 1274 1374 1305 Nat.
1406 1285 1543 1306 oceanus
1573 1275 1717 1316 Europae
1749 1275 1963 1307 meridionalis

119 1330 307 1361 nominetur.

688 1416 1035 1447 Anomalocardia
1063 1415 1276 1456 pulchella
1305 1415 1393 1446 Dkr.

324 1484 389 1510 Nov.
411 1484 506 1510 Conch.
527 1492 587 1518 pag.
610 1484 664 1509 113.
685 1483 748 1510 Tab.
768 1483 808 1510 38.
827 1484 871 1517 fig.
891 1486 914 1509 6.
935 1484 956 1509 7.
976 1484 998 1509 8.
1019 1485 1063 1516 fig.
1082 1483 1105 1509 9.
1125 1483 1258 1518 particula
1278 1485 1365 1509 testae
1384 1491 1471 1516 magn.
1492 1485 1578 1509 aucta,

272 1546 357 1577 Inter
380 1545 534 1577 Mollusca
556 1545 711 1586 Japonica
735 1545 860 1586 singula
883 1545 976 1576 valva
999 1545 1093 1576 huius
1116 1544 1232 1585 speciei
1257 1545 1386 1576 inventa
1410 1548 1466 1576 est.

272 1601 317 1633 Eo
340 1604 480 1642 tempore
503 1612 565 1641 quo
590 1601 776 1632 conchulam
800 1601 960 1642 descripsi,
985 1601 1051 1641 ejus
1075 1601 1177 1642 patria
1199 1601 1310 1640 ignota
1333 1603 1408 1632 erat.

797 1712 920 1746 Genus
943 1711 1154 1754 Scapharca
1179 1712 1291 1755 Gray.

661 1789 901 1832 Scapharca
930 1790 1086 1822 inflata
1114 1790 1251 1821 Reeve
1281 1790 1418 1831 (Arca).

323 1858 394 1884 Proc.
415 1858 483 1884 Zool.
504 1859 560 1884 Soc.
583 1858 655 1884 1844.
695 1857 790 1884 Conch.
811 1859 875 1884 icon.
897 1858 963 1884 Arca
982 1866 1050 1891 spec.
1071 1858 1110 1884 30.
1149 1858 1234 1884 Arca
1254 1857 1495 1890 Broughtonii
1517 1857 1695 1884 Schreuck
1716 1858 1787 1884 Moll.
1808 1857 1853 1884 des
1868 1858 1961 1884 Amur-

373 1901 464 1926 landes
483 1909 543 1935 pag.
563 1901 619 1927 578.
638 1900 702 1927 Tab.
722 1901 761 1927 24.
782 1901 826 1934 fig.
849 1901 920 1927 1—3.
959 1901 1105 1927 Lischke
1124 1901 1182 1935 Jap.
1204 1902 1237 1927 M.
1258 1900 1356 1926 Conch.
1375 1901 1424 1927 vol.
1447 1902 1466 1926 1.
1487 1909 1547 1935 pag.
1570 1900 1624 1926 146.

272 1962 452 2003 Specimina
480 1962 617 1994 maxima
653 1965 780 1994 exstant
816 1962 983 1994 loo—1:20
1010 1962 1085 1993 mill.
1118 1962 1214 2003 longa
1242 1962 1307 2003 jam
1335 1965 1430 1993 antea
1463 1974 1500 1993 ex
1528 1962 1682 2003 Japonica
1709 1964 1848 2003 accepta,
1877 1974 1961 1993 nunc

115 2019 290 2060 specimina
313 2021 437 2050 tantum
460 2018 615 2059 juvenilia
637 2018 739 2050 multo
762 2019 883 2050 minora
908 2019 1040 2050 collecta
1062 2020 1138 2050 sunt
1161 2018 1247 2049 intus
1270 2018 1381 2049 lactea.
1428 2018 1541 2050 Aetate
1557 2019 1752 2060 provectiore
1769 2018 1853 2049 color
1869 2018 1960 2049 albus

116 2075 266 2106 flavescit.

269 2131 354 2162 Haec
377 2131 496 2171 species
520 2131 618 2162 costis
642 2130 842 2162 radiantibus
867 2131 969 2171 planis
992 2129 1120 2161 38—40
1143 2130 1294 2170 striisque
1317 2130 1506 2162 transversis
1538 2129 1733 2162 distantibus
1762 2129 1959 2170 regularibus

116 2190 275 2219 costarum
301 2186 468 2218 intervalla
492 2186 679 2218 tenentibus
703 2187 887 2227 praesertim
904 2186 1084 2227 insignitur.
1130 2185 1307 2226 Epidermis
1324 2187 1349 2217 si
1367 2186 1449 2217 forte
1465 2187 1588 2227 integra
1605 2186 1774 2225 invenitur,
1799 2185 1960 2217 lamellosa

116 2246 148 2275 et
169 2244 305 2284 setigera
329 2245 385 2274 est.

268 2299 353 2330 Haec
377 2298 498 2330 concha
520 2297 654 2338 Japanis
677 2297 768 2329 cibus
792 2300 840 2330 est
862 2299 970 2339 magni
993 2299 1181 2330 aestimatus
1209 2297 1408 2339 ‚,Aka-gahi“
1436 2299 1548 2330 dictus.

272 2354 353 2386 Arca
377 2354 488 2386 inflata
510 2352 656 2385 Brocchii
679 2353 719 2384 ad
742 2353 954 2386 Pectunculos
979 2353 1102 2385 fossiles
1125 2354 1272 2395 pertinet.

763 2439 1003 2481 Scapharca
1033 2439 1191 2472 Satowi
1221 2440 1310 2471 Dkr.

834 2507 898 2534 Tab.
918 2509 1011 2534 nostra
1030 2508 1052 2534 9.
1073 2508 1117 2542 fig.
1138 2509 1159 2534 1.
1181 2507 1202 2534 2.
1223 2508 1246 2534 3.

267 2567 362 2599 Testa
384 2571 488 2607 ovata,
512 2579 679 2610 perparum
702 2568 841 2610 obliqua,
865 2569 976 2608 solida,
1000 2569 1091 2600 valde
1119 2569 1252 2607 tumida,
1285 2569 1449 2610 paululum
1479 2568 1723 2609 inaequivalvis3
1753 2568 1785 2599 in
1815 2568 1957 2608 margine

107 2623 251 2655 *cardinis
274 2624 423 2665 utrinque
446 2623 670 2665 obtusangula,
693 2625 799 2656 antice
821 2625 1003 2663 rotundata,
1026 2625 1149 2666 postice
1178 2636 1288 2666 parum
1320 2626 1483 2667 producta,
1514 2624 1643 2665 oblique
1669 2626 1826 2663 truncata,
1861 2625 1956 2656 costis

189 2683 306 2715 Dunker,
325 2683 398 2709 Mon.
418 2683 477 2718 Jap.
497 2691 561 2709 mar.
1661 2676 1702 2708 30
