2379 3382
904 277 945 280 —
991 259 1051 289 177
1099 276 1136 281 —

745 343 920 375 Corbula
955 344 1115 385 pallida
1150 344 1287 376 Hinds.

297 412 372 438 Proc.
393 412 462 438 Zool.
486 413 542 438 Soc.
565 412 637 438 1843.
679 412 783 437 Reeve
803 411 900 438 Conch.
919 412 986 438 icon.
1007 411 1122 438 Corbula
1140 419 1208 446 spec.
1228 413 1251 438 4.

246 473 456 505 Antecedenti
480 473 651 510 simillima,
675 473 729 504 sed
752 473 865 504 minor.
911 472 1045 513 Singula
1068 473 1159 504 valva
1183 474 1288 504 exstat
1311 473 1446 504 fortasse
1472 473 1531 505 huc
1556 475 1726 514 pertinens.

701 570 875 606 Corbula
911 571 1072 602 bifrons
1108 571 1143 602 A.
1180 571 1335 602 Adams.

294 641 362 666 Ann.
381 639 453 672 Mag.
472 638 537 665 Nat..
557 639 628 665 Hist.
650 639 722 664 1860.
744 646 806 672 pag.
824 639 882 665 412.

242 700 427 737 Sem-Uchi,
451 699 545 737 Goto,
568 699 786 731 Mino-shima.
833 700 959 731 Fretum
984 699 1170 731 Coreanum.

246 756 362 797 „Testa
383 756 517 793 tumida,
541 758 645 793 ovata,
670 756 762 787 valva
784 755 915 786 sinistra
939 755 1220 796 inaequilaterahs,
1244 755 1350 786 antice.
1370 755 1553 793 rotundata,
1571 757 1691 796 postice
1715 756 1940 797 subangulata,

87 813 119 844 in
144 813 287 853 margine
311 813 431 843 ventris
455 812 626 843 undulata:
651 812 743 843 valva
766 812 897 843 dextera
919 822 1045 852 magna,
1069 811 1151 849 alba,
1178 821 1330 846 convexa,
1355 811 1421 842 liris
1450 812 1659 843 concentricis
1691 812 1841 844 confertis
1867 813 1941 843 irre-

84 868 252 909 gularibus
280 879 372 909 saepe
396 868 586 899 [lichotomis
603 868 773 906 instructa3
798 867 891 899 valva
906 867 1037 899 sinistra
1058 867 1199 910 tenuiter
1221 867 1335 898 striata
1357 867 1527 901 sublaevis,
1551 868 1642 899 lineis
1660 868 1791 900 elevatis
1814 868 1940 899 radian-

86 924 175 956 tibus
198 924 275 955 rufis
299 924 423 955 circiter
447 923 488 954 10
509 923 651 955 ornata.“
700 923 794 954 Ratio
819 923 1027 954 dimensionis
1051 923 1256 954 desideratur.

243 989 411 1020 Praeterea
442 988 479 1019 cl.
512 989 631 1019 Aslams
658 990 793 1019 annotat
825 987 933 1018 valvas
964 987 1103 1018 conchae
1134 987 1243 1025 forma⁷
1275 987 1439 1027 sculptura
1462 991 1558 1028 atque
1582 989 1685 1019 colore
1709 993 1774 1019 tam
1800 988 1942 1019 diversas

87 1056 165 1081 esse,
189 1048 235 1082 ut,
260 1045 322 1076 nisi
346 1044 550 1076 inveniantur
574 1044 792 1077 adhaerentes,
815 1043 907 1074 facile
931 1053 986 1083 pro
1010 1043 1143 1074 diversis
1166 1043 1332 1084 speciebus
1355 1043 1463 1074 haberi
1488 1045 1622 1084 possint.

730 1150 905 1182 Corbula
937 1154 1119 1182 venusta
1153 1150 1296 1182 Gould.

297 1221 370 1246 Proe.
400 1220 474 1245 Bost.
498 1220 555 1245 Soc.
582 1219 645 1245 Nat.
671 1219 741 1245 Hist.
768 1219 817 1245 vol.
838 1219 860 1245 8.
886 1227 948 1252 pag.
968 1219 1009 1245 25,
1048 1227 1071 1244 v,
1097 1218 1267 1244 Schrenck
1294 1219 1389 1245 fleis-on
1419 1220 1454 1245 im
1474 1219 1636 1245 Arnurlande
1661 1227 1720 1253 pag.
1741 1219 1796 1245 533.
1817 1218 1881 1244 Tab.
1901 1219 1942 1244 25.

345 1263 390 1296 fig.
412 1262 486 1288 1—4.

243 1325 420 1356 Hakodate.
467 1323 617 1354 Fortasse
642 1334 713 1354 cum
737 1323 848 1354 Azaris
868 1322 1032 1364 jungenda
1056 1325 1114 1354 est.

738 1430 915 1462 Corbula
949 1433 1123 1461 cuneata
1158 1429 1296 1460 Hinds.

294 1499 369 1526 Mon.
389 1499 452 1533 Voy.
473 1499 565 1533 Sulph.
586 1498 650 1525 Tab.
670 1499 710 1525 20.
730 1499 775 1532 fig.
795 1499 818 1525 6.
854 1499 884 1524 A.
905 1497 1030 1524 Adams
1049 1498 1116 1524 Ann.
1137 1498 1208 1530 Mag.
1230 1497 1293 1523 Nat.
1313 1497 1384 1524 Hist.
1407 1498 1478 1524 1868.
1499 1506 1560 1532 pag.
1580 1498 1638 1524 365.

242 1561 412 1598 Mososeki,
435 1560 653 1591 Kuro-shima.

242 1626 309 1657 Hae
331 1629 396 1657 tres
420 1625 540 1666 species
563 1625 640 1657 mihi
666 1625 849 1664 incognitae
872 1627 956 1656 sunt.

758 1765 883 1799 Genus
906 1765 1030 1799 Azara
1053 1764 1272 1808 d’Orbigny.

568 1858 692 1889 Azara
726 1857 965 1889 Amul-ensis
999 1856 1213 1889 Schrenck
1247 1856 1456 1898 (Corbula).

295 1935 391 1960 Reisen
411 1935 446 1960 im
467 1933 631 1960 Amurlande
650 1941 710 1967 pag.
731 1934 789 1960 5⁶34.
809 1933 874 1960 Tab.
894 1933 935 1960 25.
954 1934 999 1966 fig.
1019 1933 1094 1960 5—8.

242 1996 328 2027 Mare
351 1995 540 2036 Japonicum
566 1995 824 2035 septentrionale,
847 1995 1033 2036 praesertim
1057 1994 1173 2026 fretum
1197 1995 1235 2026 de
1259 1994 1398 2026 Castries
1421 1997 1450 2026 ct
1475 2005 1577 2034 aquae
1600 1994 1782 2026 semisalsae
1801 1994 1942 2026 fluminis

86 2051 194 2083 Amur.

691 2137 813 2168 Azara
847 2136 1016 2168 labiata
1047 2136 1184 2167 Maton
1221 2135 1340 2177 (Mya).

293 2204 388 2231 Trans.
407 2204 474 2230 Lin.
495 2205 552 2230 Soc.
573 2212 633 2238 pag.
653 2204 712 2230 326.
750 2204 978 2238 Potamomya
997 2203 1134 2230 labiata
1153 2203 1270 2230 Hinds.

242 2266 311 2297 Duo
346 2266 521 2306 specimina
553 2266 710 2307 Japonica
744 2269 874 2298 exstant
895 2277 980 2317 ‘cum
1015 2266 1107 2297 icone
1137 2265 1304 2297 Reeveana
1333 2264 1465 2305 [Conch.
1497 2265 1578 2297 icon.
1611 2265 1749 2297 Corbula
1779 2276 1861 2306 spec.
1887 2266 1941 2305 28)

86 2333 104 2353 a
127 2321 301 2362 specimine
333 2333 372 2353 ex
396 2321 501 2353 insula
530 2321 708 2363 Singapore
739 2323 896 2359 (lesumta,
927 2322 1020 2363 plane
1054 2321 1286 2353 convenientia.
1333 2321 1413 2352 Clar.
1445 2320 1622 2362 d'Orbigny
1652 2321 1831 2353 affirmante
1864 2322 1942 2353 haec

87 2377 208 2409 concha
246 2388 302 2419 pro
342 2378 399 2409 loci
438 2378 555 2409 natalis
593 2378 699 2409 indole
743 2378 958 2419 maximopere
1002 2379 1113 2415 variat,
1151 2389 1215 2418 qua
1246 2377 1285 2409 de
1319 2389 1413 2408 causa
1451 2377 1585 2408 Azaram
1618 2378 1667 2409 vel
1701 2377 1942 2418 Potamomyam

86 2433 267 2465 nimbosam
313 2433 477 2473 Sowerbyi
515 2444 573 2465 nec
610 2444 673 2465 non
711 2434 892 2466 ochreatam
939 2434 1066 2465 Hindsii
1104 2445 1175 2465 cum
1212 2445 1249 2465 ea
1283 2433 1464 2474 jungendas
1502 2444 1570 2465 esse
1608 2436 1710 2474 putat.
1770 2433 1833 2465 Sed
1871 2445 1940 2466 mea

85 2489 237 2530 opinione
267 2489 327 2521 hae
358 2489 497 2521 conchae
527 2489 666 2531 separari
701 2490 827 2528 debent,
859 2501 930 2522 cum
954 2493 1023 2522 toto
1047 2489 1162 2521 habit-u
1195 2490 1289 2521 nimis
1324 2489 1482 2521 differant.
1529 2489 1695 2521 Praeterea
1726 2491 1828 2522 Azara
1858 2491 1939 2522 nim-

86 2545 165 2577 bosa
203 2545 313 2585 strigis
351 2545 587 2586 nigricantibus
625 2546 787 2586 angulatis
825 2546 979 2587 insignita
1013 2548 1072 2577 est.
1128 2546 1200 2578 Non
1235 2547 1329 2586 longe
1367 2545 1479 2577 absum
1517 2546 1594 2587 quin
1633 2543 1768 2585 credam,
1807 2547 1942 2578 Azaram

86 2601 276 2637 nimbosam,
315 2612 396 2642 quae
430 2601 462 2632 in
496 2601 589 2642 aquis
627 2602 789 2633 nonnullis
827 2602 981 2634 Brasiliae.
1016 2602 1190 2634 semisalsis
1228 2602 1312 2634 haud
1348 2613 1417 2633 raro
1455 2602 1595 2639 obvenit,
1629 2613 1678 2633 ex.
1712 2613 1757 2643 gr.
1787 2603 1820 2634 in
1849 2603 1941 2634 ostiis

85 2657 226 2689 fluminis
250 2657 296 2688 La
318 2657 421 2695 plata,
444 2668 463 2688 a
487 2657 560 2688 clar.
585 2656 762 2698 d’Orbigny
785 2669 857 2689 cum
880 2661 988 2690 nostra
1011 2659 1116 2699 specie
1138 2659 1303 2690 confusam
1327 2669 1404 2689 esse.

154 2716 274 2745 Dunker,
297 2716 370 2742 Mon.
389 2716 448 2749 Jap.
470 2724 534 2742 mar.
1642 2710 1682 2741 23
