2379 3382
899 247 1136 279 -183——

89 339 250 369 extremas
272 336 368 367 unius
400 335 605 376 ejusdemque
629 335 753 376 speciei.
799 334 986 376 Nuperrime
1019 333 1194 374 specimina
1226 334 1314 365 misit
1336 334 1408 365 clar.
1434 334 1467 365 E.
1493 335 1640 366 Satow.
1686 335 1720 366 ln
1744 336 1823 367 urbe
1847 336 1946 367 Tokio

90 393 128 424 ad
151 395 329 425 mercatum
353 392 451 430 venit,
475 402 547 422 nam
572 392 663 422 cibus
687 391 794 422 suavis
818 401 885 421 esse
909 390 1036 421 (licitur.

627 475 871 516 Trigonella
903 475 1047 506 lurida
1078 474 1181 505 Phil.
1215 474 1405 515 (kMactra).

296 544 403 571 Abbild.
422 544 476 570 und
497 544 602 570 Beschr.
623 543 672 569 vol.
693 543 716 569 3.
737 551 798 577 pag.
821 543 877 569 15³6.
897 542 962 569 Tab.
982 543 1005 569 3.
1025 543 1070 576 fig.
1090 543 1113 569 3,

242 606 368 637 Insulae
391 606 575 637 Lien—Kieu.
804 601 808 605 ’

734 681 980 721 Trigonella
1011 680 1178 711 Crossei
1210 680 1299 711 Dkr.

742 748 806 774 Tab.
826 750 920 774 nostra
940 749 962 774 7.
981 749 1026 777 fle.
1048 749 1069 775 l.
1090 749 1113 774 2.
1132 749 1155 774 3.
1175 748 1199 774 4.
1220 756 1289 774 varr.

294 793 392 818 Malak.
413 792 453 819 Bl.
474 792 523 818 vol.
543 792 583 818 24.
603 800 664 826 pag.
686 793 700 817 7
720 813 724 817 .

240 853 336 885 Testa
348 854 598 894 ovato-trigona,
611 853 906 894 compressiuscula,
920 852 1162 892 inaequilatera.
1175 853 1375 883 concentrice
1387 853 1618 893 tenerrimeque
1633 854 1754 884 striata.
1768 853 1942 893 marginem

85 922 193 941 versus
223 910 344 941 ventris
376 909 509 947 sulcata,
541 909 630 940 fusco
662 909 824 940 cinereove
849 908 989 940 violacea
1013 909 1063 940 vel
1087 908 1204 946 albida,
1234 909 1334 939 rarius
1359 909 1458 947 striga
1484 909 1548 939 lata
1572 909 1660 939 fusca
1684 909 1723 939 ab
1749 910 1942 941 umbonibus

85 967 123 997 ad
148 967 231 998 latus
255 966 413 1006 posticum
438 965 622 996 decurrente
645 966 788 1005 signata:
813 964 969 995 umbones
992 964 1180 995 nitidissimi
1201 965 1421 996 atro-violacei
1448 965 1497 996 vcl
1522 967 1802 1005 purpurascentesg
1833 966 1943 997 lunula.

85 1033 220 1062 areaque
243 1022 448 1059 lanceolatae7
473 1021 623 1052 distincte
646 1032 709 1052 non
735 1020 935 1057 terminatae,
967 1020 1122 1051 concinne
1153 1021 1311 1051 sulcatae:
1336 1021 1425 1052 sinus
1450 1021 1537 1061 pallii
1561 1021 1739 1052 breviculus
1763 1032 1825 1052 non
1851 1022 1943 1062 plano

84 1079 285 1120 perspicuus:
309 1078 395 1109 color
416 1077 562 1108 internus
584 1077 772 1117 plerumque
795 1075 1073 1107 violaceo-fuscus.

239 1134 369 1165 Concha
391 1144 490 1174 parva
512 1133 552 1164 ad
576 1144 735 1163 summum
760 1132 801 1162 24
824 1132 899 1163 mill.
926 1133 1030 1172 longa,
1054 1132 1218 1163 tenuicula
1248 1133 1360 1168 nitida,
1393 1133 1686 1174 compressiuscula⁷
1711 1134 1815 1164 antic‘³
1839 1133 1944 1163 brevis

83 1191 304 1228 subu-uncam,
328 1190 451 1231 postice
473 1189 628 1230 producta
651 1188 866 1226 snbcarinata,
890 1188 997 1228 aliquo
1021 1189 1115 1220 modo
1138 1187 1280 1219 Latonas
1303 1189 1335 1220 in
1358 1192 1496 1220 mentem
1520 1191 1656 1220 revocat.

238 1246 353 1277 Decem
376 1245 550 1286 specimina
572 1256 592 1276 a
614 1245 688 1276 clar.
712 1245 740 1276 J.
765 1244 867 1275 Rein
893 1255 989 1285 prope
1013 1244 1114 1276 Tokio
1138 1245 1220 1276 lecta
1243 1249 1318 1276 sunt
1342 1245 1446 1276 colore
1470 1245 1597 1286 quidem
1627 1246 1793 1282 variantia,
1825 1252 1943 1276 cetero-

84 1303 161 1343 quin
187 1313 260 1333 vero
284 1303 502 1342 congruentia.

239 1358 335 1389 Nulla
358 1358 435 1389 mihi
461 1362 537 1389 nota
561 1360 610 1388 est
634 1357 755 1398 species
779 1356 1011 1396 comparabilis.

238 1414 327 1445 Hanc
350 1414 538 1446 conchulam
563 1414 751 1445 concinnam
770 1414 800 1444 in
819 1413 973 1444 honorem
999 1413 1072 1444 clar.
1096 1413 1134 1444 H.
1161 1413 1309 1444 Crosse
1332 1413 1505 1451 nominavi,
1529 1413 1587 1445 viri
1611 1413 1649 1445 de
1673 1414 1807 1446 scientia
1829 1414 1943 1445 Mollu-

82 1482 206 1503 scorum
231 1471 349 1512 optime
372 1470 486 1501 meriti.

538 1554 784 1596 Trigonella
815 1554 1032 1586 Bonneaui
1063 1554 1260 1586 Bernardi
1293 1553 1484 1595 [Nacti-a).

288 1623 380 1650 Journ.
400 1623 431 1650 de
451 1623 550 1650 Conch.
573 1623 645 1649 1858.
667 1631 728 1658 pag.
749 1622 789 1649 92.
810 1621 875 1648 Tab.
896 1622 918 1648 2.
939 1622 983 1655 fig.
1005 1622 1027 1648 2.

236 1685 366 1716 Fretum
390 1684 581 1716 Tataricum.

235 1741 366 1782 Species
389 1740 560 1781 singularis
583 1740 784 1771 subrotunda
809 1740 928 1771 inflata.

691 1834 938 1875 Trigonella
971 1835 1204 1866 straminea
1233 1834 1324 1866 Dkr.

823 1902 887 1929 Tab.
909 1906 1001 1928 nostra
1022 1903 1043 1929 Τ.
1063 1903 1108 1936 fig.
1129 1904 1151 1929 5,
1171 1903 1194 1929 ⁴3.

234 1965 330 1997 Testa
363 1964 660 2002 ovato-rotundata,
693 1964 844 2004 utrinque
875 1964 1082 1995 subcarinata
1116 1964 1289 2002 tenuicula,
1321 1964 1444 1995 modice
1467 1975 1619 2001 convexa,
1643 1965 1730 1996 striis
1753 1965 1939 1996 incrementi

79 2022 288 2054 concentricis
310 2021 517 2057 tenuissimis,
542 2020 705 2052 nonnullis
729 2020 924 2058 fortioribus,
950 2020 1117 2057 instructa.
1143 2021 1334 2061 epidermide
1359 2022 1530 2052 straminea
1554 2021 1602 2051 vel
1628 2021 1802 2052 lutescente
1820 2022 1938 2052 sericea

77 2079 207 2117 induta3
230 2077 387 2109 umbones
410 2076 580 2117 prominuli
596 2077 736 2108 mediani
760 2080 940 2108 antrorsum
964 2076 1128 2113 inclinati3
1152 2077 1242 2108 sinus
1259 2076 1347 2117 pallii
1369 2077 1560 2117 conspicuus
1584 2077 1718 2109 mediam
1739 2080 1856 2109 testam
1872 2088 1936 2109 non

79 2135 258 2175 attingens;
282 2133 368 2165 color
391 2133 450 2165 sub
474 2133 666 2174 epidermide
690 2133 793 2171 albus⁷
818 2134 942 2164 interne
965 2133 1147 2164 subroseus.

232 2190 318 2221 Haec
341 2189 461 2230 species
493 2189 625 2220 costulis
656 2189 808 2220 tenuibus
833 2189 882 2220 vel
907 2189 1026 2220 carinis
1057 2189 1210 2220 obsoletis
1234 2189 1275 2220 ab
1298 2189 1492 2221 umbonibus
1522 2190 1672 2230 utrinque
1695 2189 1938 2221 decurrentibus

77 2247 223 2287 insignis,
255 2245 457 2277 antecedenti
480 2247 618 2285 cognata
641 2247 699 2282 est,
724 2245 778 2276 sed
803 2245 904 2276 valvis
936 2245 1213 2285 plano-convexis,
1238 2245 1324 2276 haud
1354 2245 1484 2283 inflatis,
1516 2245 1639 2277 ambitu
1664 2245 1767 2276 alieno
1791 2257 1848 2276 nec
1872 2256 1935 2276 non

80 2303 152 2334 sinu
177 2302 263 2343 pallii
287 2302 387 2333 multo
412 2301 616 2342 profundiore
640 2301 754 2333 differt.

231 2358 336 2389 Unum
369 2359 495 2389 tantum
531 2357 689 2398 specimen
715 2358 747 2388 in
772 2358 851 2389 mari
885 2357 1041 2399 Japonico
1077 2357 1194 2388 lectum
1227 2359 1343 2395 exstat,
1374 2357 1428 2388 sed
1453 2358 1520 2389 sine
1542 2357 1737 2389 indicatione
1766 2359 1851 2389 certa
1874 2357 1935 2388 loci

75 2415 203 2446 natalis.

472 2490 716 2531 Trigonella
747 2490 1071 2522 Sachalinensis
1102 2490 1310 2522 Schrenck
1343 2490 1535 2531 (Mactra).

283 2558 431 2585 Mollusken
444 2558 490 2584 des
500 2558 679 2584 Amurlandes
699 2567 760 2593 pag.
776 2560 834 2586 575.
850 2559 914 2585 Tab.
929 2558 969 2585 ⁴23.
984 2558 1029 2592 fig.
1049 2558 1124 2585 3—7.
1161 2559 1297 2585 Mactra
1316 2559 1335 2586 L
1350 2559 1507 2586 iihdorfii
1528 2559 1602 2585 Dkr.
1622 2559 1687 2585 Nov.
1709 2558 1805 2586 Conch.
1820 2566 1880 2592 pag.
1892 2559 1932 2584 6¹⁷¹.

334 2601 399 2628 Tab.
419 2602 460 2628 20.
479 2602 523 2635 fig.
544 2609 567 2628 a.
587 2601 613 2628 b.
633 2610 653 2628 (¹.
692 2601 840 2628 Lischke
859 2602 919 2636 Jap.
940 2603 973 2628 M.
995 2602 1092 2628 Conch.
1112 2603 1162 2628 vol.
1184 2604 1204 2628 1.
1226 2611 1287 2636 pag.
1309 2603 1365 2629 132.

229 2663 405 2702 Hakodate,
430 2663 535 2695 insula
558 2662 728 2694 Sachalein
753 2666 811 2694 etc.
