2379 3382
952 255 994 259 -
1037 237 1100 269 273

145 318 332 350 Costellaria
355 318 521 351 Suluensis
545 319 659 352 Smith.
683 321 733 352 52.

145 374 371 415 Couthouya
396 375 599 407 decussata
622 377 658 407 A.
684 377 747 408 Ad.
775 377 843 407 114.

145 429 379 471 Couthouya
401 431 599 472 plicifera
622 432 657 463 A.
683 433 747 463 Ad.
774 433 843 463 114.

144 484 382 526 Couthouya
405 487 627 519 reticulata
650 487 685 519 A.
711 488 767 520 Ad.
796 489 864 519 114.

144 540 383 582 Couthouya
407 543 608 574 striatula
632 544 666 574 A.
692 544 748 575 Ad.
776 544 844 575 114.

144 596 290 628 Crania
320 597 519 638 Japonica
552 600 586 630 A.
612 600 679 630 Ad.
704 599 775 631 254.
817 591 821 595 ยน

144 651 368 693 Cranopsis
398 654 513 694 pelex
546 655 581 685 A.
606 655 668 686 Ad.
695 656 763 686 151.

143 707 365 750 Cranopsis
394 710 572 750 pileolus
603 710 637 741 A.
662 711 724 742 Ad.
752 712 819 742 151.

143 763 395 796 Crassatella
411 776 637 807 compressa
653 767 714 797 Ad.
733 769 763 798 et
780 767 866 799 Rve.
884 768 947 799 220

145 819 339 851 Crassatella
362 821 518 852 donacina
540 821 627 853 Lam.
653 822 723 853 220.

142 875 398 908 Crassatella
426 877 631 918 Japonica
661 878 748 909 Dkr.
783 880 853 910 220.

143 930 335 972 Crassis-pira
362 932 474 964 striata
496 933 585 964 Kien.
611 934 660 965 23.

143 986 333 1019 Crenella
363 990 477 1020 easta.
511 989 544 1020 A.
571 989 635 1021 Ad.
660 990 730 1021 225.

143 1043 334 1075 Crenella
366 1055 515 1075 cornea
551 1045 585 1076 A.
611 1046 673 1077 Ad.
700 1046 769 1078 225.

143 1098 333 1131 Crenella
366 1111 508 1132 crocea
541 1101 574 1131 A.
601 1101 662 1132 Ad.
687 1102 758 1133 225.

143 1154 334 1187 Crenella
365 1156 560 1188 decorata
592 1157 626 1188 A.
654 1158 717 1188 Ad.
743 1158 813 1189 225.

143 1210 335 1243 Crenella
366 1212 586 1244 decussata
615 1213 734 1245 Mont.
759 1214 830 1245 225.

142 1323 334 1356 Crenella
364 1325 616 1365 spectabilis
647 1325 682 1356 A.
713 1326 778 1356 Ad.
803 1326 874 1358 225.

142 1379 363 1421 Crepidula
392 1380 582 1412 aculeata
613 1381 732 1413 Gmel.
760 1381 829 1413 124.

142 1434 364 1476 Crepidula
396 1437 559 1477 grandis
591 1436 805 1469 Midd.123.

142 1490 364 1532 Crepidula
395 1492 606 1524 lamellosa
637 1493 672 1523 A.
699 1496 720 1523 A
735 1493 762 1524 d.
790 1494 859 1525 124.

142 1546 359 1588 Crepidula
393 1548 547 1579 Walchi
577 1549 723 1580 Herrm.
751 1549 819 1581 124.

141 1603 309 1635 Crossea
339 1604 491 1635 bellula
520 1604 554 1635 A.
580 1604 645 1636 Ad.
671 1605 719 1636 70.

141 1659 315 1692 Crossea
345 1661 521 1692 miranda
553 1661 588 1691 A.
616 1661 677 1692 Ad.
704 1661 752 1692 70.

141 1715 257 1756 Crypta
280 1716 443 1748 lamellosa
465 1716 501 1747 A.
527 1717 584 1748 Ad.
611 1717 680 1748 124.

141 1771 440 1813 Cryptochiton
473 1772 646 1805 Stelleri
676 1774 793 1805 Midd.
820 1775 889 1806 159.

141 1828 376 1870 Cryptodon
408 1828 624 1861 flexuosus
656 1829 776 1861 Mont.
801 1831 872 1862 218.

141 1884 383 1926 Cryptodon
412 1885 637 1926 Japonieus
669 1886 703 1916 A.
729 1886 793 1917 Ad.
819 1887 890 1918 217.

141 1940 376 1981 Cryptodon
407 1941 699 1974 Manchuricus
729 1943 765 1973 A.
790 1942 853 1974 Ad.
885 1943 947 1974 217

142 1996 376 2037 Cryptodon
408 1997 617 2037 oblongus
648 1998 683 2028 A.
708 1998 772 2029 Ad.
797 1999 868 2029 217.

141 2052 378 2094 Cryptodon
409 2053 593 2094 plicatus
625 2053 659 2084 A.
685 2054 752 2086 Ad.
777 2054 849 2086 217.

141 2108 377 2150 Cryptodon
401 2109 868 2142 suborbicularisA.Ad.
885 2112 946 2143 217

141 2164 376 2205 Cryptodon
400 2165 713 2206 subquadratus
738 2167 772 2198 A.
797 2167 861 2199 Ad.
886 2169 947 2200 217

141 2219 374 2262 Cryptodon
397 2221 590 2253 sulcatus
614 2223 649 2253 A.
675 2222 740 2254 Ad.
765 2223 836 2254 217.

141 2276 477 2318 Cryptogramma
506 2278 690 2310 Roemeri
714 2279 799 2311 Dkr.
825 2280 894 2312 197.

141 2332 475 2374 Cryptogramma
505 2345 721 2375 squamosa
750 2335 834 2367 Lin.
862 2337 931 2368 197.

141 2388 383 2430 Cryptomya
412 2390 627 2422 decurtata
659 2390 695 2422 A.
726 2391 790 2423 Ad.
817 2393 886 2424 178.

141 2444 384 2486 Cryptomya
415 2445 604 2486 elliptica
632 2447 667 2477 A.
692 2447 755 2478 Ad.
783 2448 852 2480 178.

140 2499 385 2542 Cryptomya
412 2501 698 2534 Mindoroensis
721 2503 783 2535 Ad.
809 2505 848 2535 et
870 2504 950 2537 Rve

208 2557 277 2588 178.

138 2611 406 2654 Cryptospira
435 2614 666 2654 sexplicata
689 2614 776 2646 Dkr.
801 2615 851 2646 57.

210 2663 328 2697 Dunker,
346 2664 417 2690 Mon.
438 2664 497 2698 Jap.
517 2673 580 2691 mar.

142 1267 337 1299 cremella
368 1269 587 1310 sculptilis
618 1269 836 1301 A.Ac1.225.

1169 323 1339 356 Cucullaea
1361 327 1562 359 auriculifera
1585 328 1671 360 Lam.
1697 330 1766 361 235.

1170 379 1372 413 Cucullaea
1400 387 1673 416 concamerata
1699 385 1802 417 Mart.
1833 387 1902 418 235.

1170 434 1339 468 Cucullaea
1362 438 1532 477 granulosa
1553 439 1625 471 Jon.
1650 440 1721 472 235.

1170 490 1358 524 Cultellus
1386 495 1609 527 attenuatus
1637 496 1719 527 Dkr.
1747 498 1814 529 173.

1171 547 1323 579 cultellus
1347 548 1463 580 lividus
1486 549 1559 581 Dkr.
1586 551 1654 582 174.

1171 601 1326 635 Cultellus
1349 608 1557 636 marmoratus
1581 606 1654 637 Dkr.
1681 608 1750 638 174.

1171 657 1326 690 Cultellus
1349 659 1569 700 Philippianus
1594 662 1666 693 Dkr.
1693 664 1762 694 174.

1171 712 1298 745 Cuneus
1322 718 1495 746 excavatus
1519 716 1610 748 Desh.
1636 718 1706 749 201.

1170 769 1297 801 Cuneus
1320 770 1571 811 Philippinarum
1594 772 1630 803 A.
1657 774 1713 805 Ad.
1739 774 1807 805 207.

1170 825 1298 856 Cuneus
1321 827 1501 866 variegatus
1525 827 1615 858 Hanl.
1641 828 1711 859 207.

1171 879 1317 911 Cuvieria
1340 881 1507 913 columella
1529 883 1602 914 Orb.
1627 884 1655 914 2.

1171 936 1326 976 Cyclina
1355 937 1579 978 bombycina
1607 939 1730 977 Roem.
1752 941 1822 972 205.
1847 941 1919 973 263.

1171 991 1326 1032 Cyclina
1355 992 1556 1025 Chinensis
1587 994 1734 1026 Chemn.
1759 996 1829 1027 205.

1172 1046 1327 1088 Cyclina
1355 1048 1498 1080 flavida
1524 1050 1630 1081 Desh.
1656 1051 1725 1082 205.

1172 1102 1301 1143 Cyclina
1325 1104 1538 1136 intumescens
1562 1106 1668 1137 Roem.
1693 1107 1764 1138 205.

1172 1158 1329 1199 Cyclina
1356 1161 1562 1192 orientalis
1590 1161 1683 1193 Sow.
1709 1163 1779 1194 205.

1171 1214 1300 1255 Cyclina
1322 1216 1531 1256 pectunculus
1555 1217 1662 1249 Roem.
1687 1218 1758 1250 205.

1171 1270 1329 1311 Cyclina
1356 1272 1556 1313 splendida
1582 1273 1702 1305 Roem.
1728 1273 1798 1305 205.
1824 1275 1894 1306 263.

1170 1325 1424 1367 Cyclostrema
1457 1339 1736 1361 ammonoceras
1763 1329 1799 1360 A.
1826 1330 1888 1361 Ad.
1914 1331 1983 1362 131.

1235 1382 1306 1414 258.

1169 1438 1428 1479 Cyclostrema
1455 1440 1702 1481 anaglyptum
1730 1441 1766 1473 A.
1790 1441 1853 1473 Ad.
1880 1442 1948 1474 132.

1170 1493 1427 1534 Cyclostrema
1455 1496 1691 1536 biporcatum
1719 1497 1755 1528 A.
1780 1497 1841 1529 Ad.
1868 1498 1936 1529 132.

1169 1550 1428 1590 Cyelostrema
1455 1552 1693 1593 cingulatum
1720 1553 1803 1584 Dkr.
1830 1553 1898 1585 132.

1169 1606 1428 1647 Cyclostrema
1455 1608 1724 1649 cinguliferum
1747 1609 1781 1640 A.
1808 1609 1868 1640 Ad.
1896 1610 1963 1641 131.

1169 1662 1384 1703 Cyclostrema
1405 1664 1608 1704 granulatum
1633 1667 1668 1695 A.
1696 1665 1751 1695 Ad.
1779 1665 1847 1696 131.

1169 1718 1425 1759 Cyclostrema
1452 1720 1593 1752 micans
1621 1720 1657 1751 A.
1683 1721 1742 1752 Ad.
1770 1721 1838 1752 131.

1169 1774 1383 1816 Cyclostrema
1406 1776 1537 1816 planum
1560 1776 1595 1807 A.
1622 1776 1678 1808 Ad.
1705 1777 1774 1808 132.

1169 1830 1382 1872 Cyclostrema
1404 1832 1596 1872 pulchellum
1618 1832 1692 1864 Dkr.
1720 1833 1788 1865 131.

1169 1887 1426 1928 Cyclostrema
1453 1888 1639 1920 sulcatum
1670 1890 1705 1920 A.
1729 1890 1788 1921 Ad.
1815 1890 1884 1921 131.

1169 1943 1425 1984 Cyclostrema
1451 1946 1644 1976 tornatum
1672 1944 1707 1975 A.
1734 1945 1793 1976 Ad.
1821 1945 1888 1977 132.

1169 1998 1327 2040 Cyllene
1355 1999 1506 2032 fuscata
1534 2001 1569 2031 A.
1595 2000 1656 2032 Ad.
1681 2001 1731 2032 38.

1169 2054 1323 2095 Cyllene
1351 2055 1468 2096 gibba
1497 2057 1532 2087 A.
1556 2056 1619 2088 Ad.
1644 2056 1693 2088 38.

1169 2111 1322 2152 Cyllene
1349 2112 1525 2152 glabrata
1552 2112 1588 2143 A.
1613 2113 1670 2144 Ad.
1695 2113 1745 2144 38.

1169 2166 1322 2208 Cyllene
1350 2168 1554 2199 orientalis
1583 2167 1618 2198 A.
1643 2168 1705 2200 Ad.
1731 2168 1782 2200 38.

1169 2222 1322 2264 Cyllene
1348 2223 1539 2264 pulchella
1568 2223 1630 2255 Ad.
1655 2227 1695 2256 et
1718 2224 1804 2257 Rve.
1829 2225 1878 2257 38.

1169 2278 1322 2320 Cylichna
1344 2279 1469 2311 arachis
1491 2279 1526 2318 Q.
1551 2281 1583 2311 et
1605 2279 1642 2312 G.
1669 2281 1738 2312 163.

1169 2335 1353 2375 Cylichna
1380 2335 1563 2367 assimilis
1590 2335 1626 2366 A.
1651 2337 1716 2368 Ad.
1742 2337 1810 2368 164.

1170 2390 1351 2432 Cylichna
1379 2392 1585 2424 candidula
1612 2391 1648 2423 A.
1672 2392 1735 2424 Ad.
1762 2393 1830 2424 164.

1170 2447 1354 2488 Cylichna
1381 2448 1613 2480 consobrina
1642 2448 1677 2479 A.
1702 2449 1765 2481 Ad.
1791 2449 1860 2481 164.

1169 2503 1352 2545 Cylichna
1379 2504 1527 2536 inedita
1555 2505 1590 2536 A.
1615 2505 1676 2536 Ad.
1704 2505 1773 2536 164.

1169 2559 1353 2600 Cylichna
1379 2560 1566 2602 Japonica
1593 2560 1629 2591 A.
1653 2561 1714 2592 Ad.
1742 2562 1809 2593 163.

1169 2615 1350 2656 Cylichna
1376 2616 1587 2649 latiuscula
1614 2617 1649 2649 A.
1674 2618 1734 2692 {tx-d.
1762 2618 1830 2650 164.

1697 2671 1716 2692 c)
