2379 3382
893 290 933 294 -
986 273 1133 304 229—

732 359 902 390 Avieula
936 358 1175 390 brevialata
1205 359 1294 390 Dkr.

742 434 805 461 Tab.
826 437 917 461 nostra
939 435 976 461 1⁴).
997 436 1040 468 rig.
1062 435 1084 461 3.
1103 436 1127 461 4.
1147 436 1174 460 et
1193 435 1216 461 5.
1237 443 1291 461 var.

246 504 340 536 Testa.
377 504 628 545 oblongo-ovata
657 507 804 545 angusta,
835 505 1029 546 pel-obliqua,
1067 515 1218 541 convexa,
1254 505 1413 536 interdum
1448 505 1638 545 irregularis,
1669 506 1813 543 solidum,
1846 506 1935 538 fusco

89 562 265 599 -castanea,
290 561 376 592 striis
407 561 602 601 lamellisque
636 561 820 606 incrementi
845 572 987 592 necnon
1012 561 1188 602 squamulis
1220 561 1347 591 serratis
1379 561 1573 592 densissimis
1608 562 1747 593 seriatim
1782 563 1937 594 ordinatis

90 617 265 654 instruct-<13
289 619 424 647 rostrum
448 627 598 656 magnum
622 617 721 647 latum
745 617 871 656 saepius
895 617 1023 658 oblique
1047 619 1231 648 truncatum
1255 617 1417 658 ‹Ienseque
1439 618 1644 652 serrulatum:
1668 621 1769 652 cauda
1791 621 1886 660 longa
1904 619 1935 650 in

91 671 318 712 speciminibus
342 672 459 703 adultis
479 672 661 712 plerumque
686 671 767 703 lata:
792 672 842 703 ala
865 672 1050 703 brevissima
1075 673 1148 704 sinu
1170 684 1266 713 parvo
1283 685 1302 705 a
1318 674 1421 704 cauda
1445 674 1618 714 disjunctag
1642 677 1814 716 margarita
1834 676 1935 714 viridi,

90 738 440 768 -cupreo-purpuroque
457 727 636 766 irideseens,
659 738 678 758 a
694 727 791 758 limbo
807 727 896 759 fusco
912 728 1072 768 subopaco
1090 729 1221 760 inclusa.
1261 728 1362 760 Cardo
1383 729 1414 760 in
1431 729 1522 760 valva
1545 730 1675 762 sinistra
1697 732 1791 763 unico
1808 734 1933 764 constat

91 783 257 815 tuberculo
282 794 386 815 crasso
409 783 518 814 foveae
541 783 652 814 valvae
674 783 839 823 oppositae
863 785 1082 823 respondente.

244 839 329 870 Mare
352 839 505 879 Japoniae
528 839 801 870 mediterraneum.
849 839 946 878 (Mare
971 839 1139 878 Chinense,
1164 840 1285 871 insulae
1310 840 1512 881 Philippinae
1535 843 1566 872 et
1589 841 1826 883 Moluccenses.)

246 894 376 926 Concha
399 895 521 926 ambitu
547 894 708 935 paululum
736 895 898 925 mutabilis
922 906 1153 936 nonnunquam
1178 896 1314 927 distorta
1330 898 1361 927 et
1377 896 1553 928 deformata
1575 900 1632 928 est.
1678 898 1786 929 leones
1809 900 1935 929 nostrae

92 950 267 990 specimina
289 952 415 981 tantum
438 950 561 981 minora
584 953 839 991 1'ep1·aesentant;
864 952 915 991 fig.
940 951 968 981 5.
995 951 1098 982 colore
1122 951 1249 983 excellit
1273 952 1413 983 clariore.
1458 952 1493 983 In
1519 952 1748 994 Monographia
1771 965 1840 985 mea
1864 953 1936 984 Avi-

90 1006 232 1038 cularum
265 1006 423 1046 specimen
446 1006 589 1037 adultum
615 1006 678 1037 fere
701 1006 742 1037 90
765 1006 839 1037 mill.
866 1007 993 1047 longum
1018 1007 1083 1037 late
1108 1009 1277 1039 rostratum
1302 1010 1333 1038 et
1356 1008 1527 1039 caudatum
1552 1009 1680 1049 depinxi
1705 1012 1734 1039 et
1758 1009 1937 1040 accuratius

90 1062 251 1103 descripsi.
299 1061 360 1093 Cfr.
385 1061 502 1093 Conch.
528 1062 604 1093 Cab.
628 1062 675 1092 ed.
701 1061 729 1092 2.
755 1072 824 1102 pag.
849 1062 899 1093 55.
925 1062 1001 1092 Tab.
1029 1062 1076 1092 19.
1102 1062 1153 1102 fig.
1178 1063 1206 1093 3.

770 1178 948 1209 Avicula
978 1178 1133 1209 Love'ni
1165 1178 1254 1209 Dkr.

840 1254 904 1280 Tab.
925 1257 1017 1280 nostra
1039 1255 1075 1280 10.
1095 1254 1140 1287 fig.
1159 1255 1182 1281 6.

245 1323 339 1355 Testa
361 1323 494 1361 tumida,
519 1323 662 1361 solidula.
687 1324 922 1364 longicaudata,
953 1324 1240 1361 rotundato-alata,
1266 1324 1353 1355 striis
1377 1325 1574 1365 lamellisque
1606 1325 1803 1356 densissimis
1834 1336 1936 1357 serru-

89 1380 164 1411 latis
187 1380 336 1416 obducta.
361 1379 534 1410 virescente
558 1390 680 1417 cornea,
704 1380 823 1420 postice
847 1380 1027 1419 obscuri0r3
1052 1382 1190 1412 rostrum
1213 1380 1417 1412 latiusculum
1441 1382 1545 1413 antice
1563 1382 1779 1419 rotundatum,
1801 1381 1936 1412 lamellis

90 1436 195 1467 densis
229 1435 397 1466 fimbriatis
430 1437 566 1471 teanum
598 1435 735 1466 cardinis
764 1438 923 1466 structura
946 1438 981 1467 ut
1006 1436 1086 1467 solet
1108 1436 1140 1466 in
1167 1435 1323 1467 Aviculis:
1355 1436 1511 1468 tuberculi
1535 1437 1603 1468 bini
1626 1438 1657 1468 in
1682 1437 1773 1468 valva
1795 1437 1936 1475 dextera,

90 1503 172 1524 uuus
189 1492 220 1523 in
239 1491 369 1522 sinistra
385 1502 454 1522 cum
474 1491 554 1521 fossa
575 1491 669 1531 longa
687 1493 723 1522 ut
739 1491 850 1522 valvae
873 1492 1039 1532 oppositae
1062 1492 1180 1522 lamina
1203 1491 1382 1533 recipiatur.
1428 1492 1601 1533 Margarita
1624 1504 1733 1534 parum
1751 1493 1935 1534 splendensg

88 1548 206 1579 limbus
229 1549 395 1588 angustus.

245 1603 330 1634 Mare
353 1602 508 1643 Japoniae
531 1602 804 1634 mediterraneum.

244 1658 370 1699 Species
402 1661 510 1690 nostra
543 1659 693 1689 Aviculae
729 1662 853 1690 sternae
878 1658 1006 1691 Goulclii
1031 1663 1177 1701 cognata,
1209 1661 1302 1692 rostri
1326 1660 1524 1695 formatione,
1548 1661 1607 1692 alis
1631 1660 1812 1701 majoribus.
1837 1660 1936 1691 valvis

88 1715 290 1747 solidioribus
314 1717 346 1746 et
370 1715 472 1746 colore
497 1715 609 1746 differt.

243 1771 272 1803 S.
300 1770 426 1802 Loveno
450 1771 582 1809 zoologo
605 1770 721 1802 illustri
745 1771 851 1803 dicata
874 1774 930 1802 est.

579 1883 753 1914 Avicula
785 1882 1070 1924 (Meleagrina)
1102 1883 1325 1915 Martensii
1355 1884 1443 1915 Dkr.

818 1959 884 1986 Tab.
904 1962 996 1985 nostra
1019 1959 1056 1986 10.
1077 1960 1120 1993 rig.
1141 1961 1162 1986 Τ.
1183 1960 1205 1986 8.

241 2027 336 2059 Testa
358 2028 741 2069 oblongo—subquadrata,
767 2029 983 2067 solidiuscula⁷
1020 2029 1216 2067 subtumida,
1240 2029 1374 2061 lamellis
1398 2030 1606 2062 concentricis
1636 2030 1841 2070 squamisque
1863 2029 1936 2061 hor-

87 2083 163 2115 ridis
186 2083 289 2115 acutis
322 2083 470 2115 radiatim
505 2084 660 2116 ordinatis
695 2085 870 2124 instructa3
905 2096 1029 2124 cornea,
1053 2086 1140 2117 lutea
1162 2086 1210 2117 vel
1234 2085 1347 2125 lurida,
1376 2086 1508 2117 maculis
1544 2085 1716 2126 strigisque
1751 2085 1935 2117 fusco-atris

87 2139 265 2180 variegata;
290 2142 426 2171 rostrum
450 2140 549 2171 latum
573 2140 724 2171 obtusum
747 2140 959 2180 fimbriatum3
992 2142 1104 2172 fissura
1129 2142 1238 2173 valvae
1261 2141 1421 2181 dexterae,
1443 2142 1463 2172 i.
1489 2153 1513 2173 e.
1538 2141 1708 2182 superioris
1731 2141 1837 2172 minus
1860 2151 1935 2172 con-

87 2190 186 2227 vexae
201 2196 242 2226 ad
258 2195 389 2236 byssum
411 2195 618 2227 emittendam
642 2197 720 2227 satis
743 2196 916 2237 p1·ofnnda;
939 2197 1112 2237 margarita
1136 2197 1239 2228 vivide
1262 2197 1441 2239 splendens,
1464 2209 1483 2229 a
1505 2197 1603 2229 limbo
1627 2197 1692 2228 lato
1717 2207 1829 2228 corneo
1849 2200 1935 2228 atro-

87 2262 149 2293 que
171 2251 330 2283 maculato
354 2251 403 2282 vel
425 2254 616 2284 marmorato
639 2253 754 2284 cincta.

241 2307 326 2338 Mare
348 2307 537 2347 Japonicum
560 2319 656 2348 prope
679 2308 849 2348 Nagasaki.

243 2362 424 2403 Specimina
446 2363 608 2404 complura
631 2366 760 2395 exstant
783 2364 887 2396 colore
911 2367 942 2396 et
964 2365 1085 2396 ambitu
1110 2365 1276 2396 variantia.

241 2417 302 2450 Cfr.
327 2417 520 2459 Meleagrina
543 2420 613 2460 pica
637 2419 772 2451 Lischke
795 2420 865 2460 Jap.
890 2419 930 2451 M.
956 2420 1073 2452 Conch.
1099 2421 1159 2452 vol.
1186 2422 1212 2452 1.
1237 2420 1382 2461 pag.!61.
1414 2423 1446 2451 et
1474 2419 1616 2461 Monogr.
1646 2420 1732 2451 Avic.
1764 2420 1782 2451 l.
1808 2431 1832 2451 c.
1861 2431 1932 2462 pag.

86 2473 136 2505 66.
162 2472 228 2514 (per
251 2475 390 2505 erratum
414 2474 546 2506 Avicula
567 2474 788 2515 (Meleagrina)
811 2476 988 2517 Japoniea).

239 2529 329 2561 Hanc
352 2530 487 2570 speciem
509 2530 543 2561 E.
569 2531 606 2562 de
629 2531 769 2563 Man-tens
793 2532 930 2563 dicatam
955 2544 1022 2563 esse
1046 2532 1140 2563 volui.

240 2584 405 2617 Praeterea
428 2586 500 2617 clar.
524 2586 627 2618 Reeve
651 2587 817 2619 Aviculam
841 2587 980 2619 fucatam
1005 2587 1132 2619 Goulrlii
1157 2587 1229 2628 (Un.
1256 2587 1303 2620 St.
1321 2588 1412 2629 Expl.
1430 2588 1549 2629 Exped.
1566 2587 1651 2619 Moll.
1670 2597 1741 2628 pap.
1758 2587 1830 2618 441.
1856 2587 1932 2618 Tab.

86 2641 136 2673 39.
168 2641 220 2682 fig.
254 2641 339 2680 551.)
368 2652 423 2682 pro
456 2641 576 2674 concha
606 2642 761 2683 Japonica
792 2644 958 2684 descripsit
989 2643 1119 2682 (Concli.
1151 2643 1231 2675 icon.
1264 2655 1346 2685 spec.
1379 2643 1442 2684 74).
1474 2643 1552 2675 Cum
1576 2654 1649 2675 vero
1672 2643 1750 2674 haec
1773 2643 1892 2683 species
1915 2654 1934 2674 a

86 2699 196 2729 nostra
219 2697 310 2729 valde
334 2697 466 2736 differat,
490 2697 573 2729 hanc
595 2699 716 2738 patriae
740 2699 993 2739 designationem
1019 2699 1238 2731 dubitaverim.
