2379 3382
924 253 1138 283 —7lffl

772 338 947 369 Terebra
977 338 1141 369 evoluta
1171 338 1282 369 Desh.

312 406 386 432 Proe.
404 406 474 432 Zool.
494 406 550 432 Soc.
573 405 646 431 1859.
665 413 728 439 pag.
747 405 806 430 292.
843 405 950 430 Reeve
970 405 1068 431 Conch.
1086 406 1152 431 icon.
1173 413 1240 438 spec.
1261 405 1302 431 55.

260 466 344 497 Haec
367 466 487 507 species
511 477 530 497 a
552 466 744 506 Deshayesio
768 466 800 496 in
823 465 985 506 exemplar
1007 466 1203 497 collectionis
1227 466 1458 506 Cumingianae
1480 467 1610 498 unicum
1631 467 1774 507 fundata,
1799 468 1953 501 Terebrae

105 521 303 553 Dussumieri
327 521 417 552 Kien.
442 522 570 561 quidem
603 521 773 552 admodum
796 521 902 552 affinis
926 524 982 560 est,
1007 521 1061 552 sed
1085 524 1208 553 statura
1239 521 1404 562 graciliore
1427 522 1527 553 multo
1551 523 1673 555 minore
1695 535 1753 555 nec
1776 535 1840 556 non
1864 524 1952 556 sulco

103 576 308 617 profundiore
342 576 456 608 differt.
502 577 609 608 Nihilo
639 577 745 607 minus
778 578 886 608 tamen
921 577 1084 617 quaeritur
1114 579 1221 608 utrum
1245 577 1287 608 sit
1310 577 1430 618 species
1454 578 1590 618 propria,
1614 589 1654 610 an
1678 579 1784 619 potius
1815 580 1953 611 varietas

105 634 232 664 tantum
255 632 410 672 Japonica
432 632 586 664 Tei-ebrae
618 632 823 663 Dussumieri.
871 632 917 662 Ad
942 632 1023 663 hanc
1048 633 1266 672 quaestionem
1302 633 1484 664 solvendam
1508 633 1608 673 major
1631 635 1836 675 speciminum
1862 636 1953 676 copia

105 687 310 719 desideratur.

762 762 941 793 Terebra
970 762 1163 794 flammea
1191 763 1290 794 Lam.

309 829 396 856 Anim.
416 837 477 855 sans
496 830 563 855 vert.
583 829 634 855 vol.
655 830 694 854 10.
714 837 774 863 pag.
794 828 853 854 2:39.
890 829 998 854 Reeve
1018 829 1114 855 Conch.
1135 831 1202 856 icon.
1221 839 1289 864 spec.
1312 832 1349 858 123,

258 890 426 931 Specimen
450 890 568 930 grande
592 890 691 921 adest.

256 946 342 977 Mare
364 946 555 986 Japonicum
579 946 624 987 (et
647 944 828 986 Chinense).

746 1029 919 1061 Terebra
950 1030 1134 1070 pretiosa
1163 1030 1298 1062 Reeve.

307 1099 381 1125 Proc
401 1098 470 1125 Zool.
490 1098 546 1124 Soc.
568 1097 640 1123 1842.
660 1105 721 1131 pag.
740 1097 799 1124 200.
836 1098 934 1124 Conch.
954 1098 1021 1123 icon.
1041 1097 1156 1124 Terebra
1175 1107 1243 1132 spec.
1264 1099 1304 1125 30.
1324 1100 1369 1133 fig.
1389 1100 1421 1125 30
1432 1108 1454 1127 a.
1474 1102 1583 1135 optima.

255 1161 359 1192 Unum
383 1159 541 1201 specimen
565 1170 715 1199 magnum
740 1158 994 1199 pulcherrimum.

255 1216 339 1247 Mare
362 1215 552 1255 Japonicum
577 1215 621 1255 (et
645 1213 825 1254 Chinense).

627 1300 797 1331 Terebra
825 1299 1015 1330 subulata
1045 1299 1130 1330 Lin.
1163 1301 1418 1343 (Buccinum).

307 1369 378 1402 Syst.
398 1368 461 1394 Nat.
481 1367 521 1394 ed.
542 1368 580 1394 12.
601 1375 664 1401 pag.
686 1367 758 1392 1205.
796 1367 881 1393 Lam.
901 1367 980 1392 anim.
1001 1375 1062 1393 sans
1082 1369 1148 1394 vert.
1168 1369 1218 1395 vol.
1241 1370 1279 1395 10.
1296 1378 1356 1403 pag.
1376 1370 1433 1397 242.

253 1429 419 1470 Specimen
435 1429 540 1460 minus
557 1430 662 1460 exstat
675 1428 739 1468 jam
757 1431 852 1459 antea
869 1439 907 1459 ex
924 1428 1061 1469 Japonia
1084 1432 1258 1470 acceptum.
1307 1430 1444 1462 Cochlea
1466 1432 1576 1464 multis
1592 1434 1625 1464 in
1641 1434 1826 1474 regionibus
1843 1435 1946 1468 obvia.

254 1485 420 1517 Terebram
455 1484 677 1516 consobrinam
710 1483 892 1524 Deshayesii
928 1484 1050 1525 (Journ.
1081 1486 1118 1516 de
1147 1485 1264 1517 Conch.
1297 1487 1357 1518 vol.
1382 1487 1410 1518 6.
1444 1498 1514 1528 pag.
1540 1488 1589 1520 72.
1623 1489 1700 1521 Tab.
1725 1491 1753 1521 3.
1785 1491 1837 1532 fig.
1863 1492 1906 1530 3.)
1929 1503 1947 1524 e

98 1542 175 1573 mari
198 1541 293 1572 rubro
316 1552 371 1582 pro
394 1541 548 1572 varietate
570 1543 697 1571 tantum
722 1539 876 1571 Terebrae
899 1540 1068 1572 subulatae
1091 1542 1323 1574 aestimandam
1346 1554 1414 1574 esse
1438 1543 1515 1575 mihi
1538 1545 1814 1585 persuasissimum
1838 1550 1895 1579 est.

550 1625 728 1657 Terebra
757 1626 975 1666 strigilata
1004 1626 1086 1658 Lin.
1119 1627 1363 1669 (Buccinum)
1395 1630 1488 1661 var?

303 1696 372 1727 Syst.
393 1694 456 1719 Nat.
476 1693 516 1720 ed.
538 1694 576 1720 10.
595 1701 656 1727 pag.
679 1694 736 1720 714.
774 1694 839 1719 Mus.
861 1693 924 1720 Lud.
946 1693 1002 1719 Ulr.
1020 1702 1082 1728 pag.
1102 1696 1159 1721 614.
1180 1696 1257 1729 (icon.
1278 1696 1448 1730 Rumphiana
1466 1697 1500 1723 H.
1520 1697 1639 1724 Tabulae
1650 1699 1709 1725 30a
1727 1699 1845 1727 Limnaeo
1859 1702 1945 1728 citata

352 1737 460 1763 minime
483 1736 617 1770 quadrat).
638 1736 725 1762 Born
745 1736 815 1762 Test.
837 1737 904 1762 Mus.
923 1736 999 1763 vind.
1020 1745 1080 1771 pag.
1100 1737 1157 1764 264.
1179 1738 1242 1765 Tab.
1265 1740 1303 1765 10.
1323 1740 1367 1773 fig.
1384 1740 1422 1766 10.
1459 1740 1540 1768 Lam.
1567 1741 1647 1768 anim.
1666 1749 1728 1768 sans
1747 1745 1813 1770 vert.
1833 1745 1884 1771 vol.
1905 1746 1943 1772 10.

351 1787 412 1813 pag.
431 1779 488 1806 248.

251 1840 403 1872 Collectio
434 1840 657 1871 Molluscorum
688 1843 798 1871 nostra
828 1840 983 1881 Japonica
1017 1841 1184 1873 Terebram
1208 1843 1371 1883 parvulam
1405 1845 1558 1884 continet,
1591 1857 1686 1887 quam
1710 1858 1766 1887 pro
1789 1849 1943 1881 varietate

97 1897 251 1929 Terebrae
282 1896 459 1937 sti-igilatae
483 1896 716 1934 declaraverim.
741 1897 800 1927 etsi
824 1898 930 1928 tamen
955 1897 1156 1929 dubitatione
1179 1899 1326 1939 quadam.
1373 1900 1523 1938 Quamvis
1546 1902 1631 1933 enim
1654 1903 1786 1935 coloret
1801 1904 1945 1945 picturae

96 1953 219 1985 indoles
245 1953 324 1984 bene
348 1952 502 1993 quadrare
533 1952 710 1990 videantur,
743 1954 850 1983 tamen
874 1955 957 1984 testa
980 1964 1077 1994 parva
1100 1954 1200 1985 multo
1231 1956 1377 1995 gracilior
1400 1959 1492 1988 acute
1515 1958 1628 1989 striata
1651 1958 1742 1990 valde
1765 1959 1900 1992 discedit
1922 1972 1942 1992 a

95 2009 194 2041 forma
225 2009 331 2050 typica
362 2009 493 2041 Buccini
527 2008 686 2048 strigilati,
719 2019 815 2048 quam
839 2008 890 2048 fig.
918 2009 965 2040 10.
990 2009 1150 2041 Boi-niana
1183 2011 1301 2051 optime
1324 2012 1428 2043 refert.
1475 2013 1598 2044 Pariter
1631 2014 1842 2047 dubitaverim
1867 2028 1941 2048 num

95 2065 230 2097 Terebra
262 2065 426 2096 Veri-auxii
458 2064 563 2103 Desh.‚
598 2075 693 2104 quam
725 2063 798 2094 clar.
833 2064 935 2095 Reeve
960 2067 991 2096 et
1013 2065 1149 2096 Lisehke
1181 2077 1251 2097 cum
1284 2067 1419 2099 Terebra
1452 2069 1611 2109 strigilata
1641 2070 1839 2110 jungendam
1874 2083 1943 2104 esse

94 2123 233 2160 censent,
256 2120 318 2152 huc
341 2120 506 2161 pertineat.
552 2119 734 2160 specimina
763 2119 858 2151 huius
892 2120 1037 2152 cochleae
1071 2122 1344 2162 splendidissimae
1368 2125 1459 2164 quasi
1482 2125 1665 2157 murrhinae
1699 2129 1828 2158 exstant
1862 2139 1942 2160 non-

93 2177 181 2208 nulla
203 2177 235 2208 in
258 2176 482 2207 Molluscorum
506 2176 690 2207 collectione
713 2177 832 2214 nostra⁷
857 2187 938 2216 quae
962 2177 1168 2217 descriptioni
1197 2178 1449 2219 Deshayesianae
1474 2181 1595 2222 (Journ.
1621 2182 1659 2212 de
1683 2181 1800 2214 Conch.
1827 2184 1885 2215 vol.
1910 2184 1940 2215 6.

92 2243 164 2274 pag.
188 2231 252 2273 95.)
276 2232 395 2273 optime
427 2231 620 2273 respondent
643 2234 674 2262 et
698 2231 781 2262 inter
804 2243 837 2262 se
861 2236 1051 2272 congruunt.
1078 2251 1118 2254 —
1141 2233 1243 2265 Multa
1266 2235 1298 2266 in
1322 2236 1573 2277 conchyliologia
1609 2237 1730 2269 incerta
1764 2240 1942 2271 manebunt

93 2289 193 2320 donec
222 2288 376 2319 bestiolae
407 2290 559 2319 testarum
596 2287 743 2328 cognitae
775 2289 876 2318 erunt.
924 2287 1134 2320 Conferantur
1157 2301 1237 2330 quae
1261 2291 1333 2322 clar.
1358 2292 1494 2323 Lischke
1516 2292 1587 2333 Jap.
1611 2292 1652 2324 M.
1677 2293 1800 2325 Conch.
1824 2296 1884 2326 vol.
1909 2296 1937 2327 3.

91 2354 163 2385 pag.
188 2343 237 2375 40.
263 2344 300 2374 de
324 2343 460 2375 Terebra
483 2344 640 2384 strigilata
664 2343 834 2374 admodum
859 2344 1005 2375 variabili
1027 2345 1091 2385 jam
1117 2346 1207 2377 dixit.

729 2438 902 2469 Terebra
933 2438 1191 2471 Lischkeana
1221 2440 1309 2471 Dkr.

770 2505 835 2532 Tab.
855 2507 948 2531 nostra
967 2506 989 2532 5.
1011 2506 1054 2539 fig.
1077 2507 1183 2534 13—16.
1205 2516 1259 2535 var.

298 2548 396 2574 Malak.
416 2548 456 2574 ssl.
474 2548 525 2575 vol.
545 2548 586 2574 24.
605 2556 667 2582 pag.
688 2550 728 2575 74.

246 2608 340 2640 Testa
373 2609 523 2641 subulata
556 2612 660 2648 acuta,
696 2610 794 2641 fascia
818 2609 892 2641 alba
922 2621 1046 2650 supera,
1081 2610 1170 2642 fusca
1192 2611 1242 2642 vel
1266 2612 1509 2651 coerulescente,
1534 2613 1634 2644 infera
1657 2614 1749 2654 quasi
1772 2614 1936 2654 bipartita,

91 2663 289 2696 anfractibus
315 2665 438 2696 17—18
454 2665 576 2697 modice
592 2666 753 2704 convexis,
777 2668 887 2697 sutura
905 2666 1058 2697 distincta
1075 2667 1239 2707 separatis,
1264 2667 1464 2708 longitudine
1481 2670 1614 2701 costatis
1630 2670 1804 2709 instructa3
1828 2673 1937 2702 costae
