2317 3387
1155 278 1391 309 „130—

1050 360 1174 395 Genus
1197 360 1373 396 Uvanilla
1396 361 1510 404 Gray.

989 438 1185 470 Uvanilla
1215 438 1448 479 Heimburgi
1479 438 1565 469 Dkr.

1090 496 1154 523 Tab.
1174 498 1268 522 nostra
1286 497 1309 523 6.
1330 497 1374 530 fig.
1394 497 1417 524 6.
1437 498 1460 523 7.

503 548 597 579 Testa
621 548 732 579 conica
756 547 959 588 imperforata
982 548 1180 581 anfractibus
1204 551 1331 580 constat
1360 549 1568 590 planiusculis
1585 548 1691 589 quinis
1712 548 1845 579 costulis
1869 548 1976 579 elensis
1999 549 2208 588 subgranosis

349 605 473 641 cinctis,
497 604 611 635 ultimo
633 603 735 644 spinis
759 603 946 644 compressis
969 603 1146 635 imbricatis
1170 604 1335 644 paululum
1359 604 1489 635 deflexis
1512 605 1653 642 armato3
1677 602 1764 634 basis
1786 603 2053 642 plano-convexa,
2071 603 2208 635 costulis

347 659 519 700 spiralibus
542 658 781 690 subimbricatis
805 661 934 697 ornata;
959 658 1075 689 callum
1098 659 1283 690 columellae
1300 659 1392 690 fovea
1407 659 1546 698 oblonga
1569 658 1793 696 terminatum
1817 660 1966 698 apertura
1989 658 2207 697 subrotunda3

348 714 471 745 labrum
497 713 705 751 subacutum3
730 712 837 744 fauces
861 714 1286 753 argenteo-margaritaceae.
1333 713 1427 745 Color
1449 716 1550 745 testae
1574 713 1700 744 albidus
1723 713 1855 753 ejusque
1878 713 1965 744 basis
1981 713 2145 744 subrosea.
2164 731 2205 734 —

349 769 450 800 Diam.
475 780 559 800 max.
585 768 636 806 ⁵20,
660 769 713 799 alt.
738 768 862 799 circiter
888 768 926 799 12
949 768 1024 799 mill.

504 824 669 864 Specimen
704 824 834 854 unicum
858 823 947 854 adest
971 823 1002 853 in
1027 823 1105 854 mari
1128 823 1284 864 Japoniae
1319 824 1549 855 mediterraneo
1585 825 1729 863 captum,
1753 823 1807 854 sed
1832 824 1937 854 certus
1968 822 2057 854 locus
2091 823 2209 854 natalis

348 880 554 912 desideratur.

507 934 597 964 Hanc
621 933 781 964 cochleam
805 935 971 964 venustam
996 933 1130 963 sectioni
1155 931 1320 964 Uvanillae
1343 933 1422 964 satis
1445 934 1700 974 respondentem,
1718 933 1750 963 in
1767 932 1919 964 honorem
1937 933 2031 963 amici
2049 933 2086 964 (le
2103 933 2209 964 Heim-

347 990 429 1030 burg
452 989 724 1029 Oldenburgensis
746 989 917 1020 nominavi.

1014 1080 1139 1114 Genus
1162 1079 1401 1122 Pachypoma
1424 1079 1538 1123 Gray.

936 1157 1096 1198 Pachyp
1112 1168 1197 1189 oma
1225 1157 1484 1189 rhodostoma
1511 1157 1608 1188 Lam.

558 1225 645 1251 Anim.
657 1233 718 1250 sans
733 1227 800 1251 vert.
815 1224 864 1250 vol.
877 1224 900 1250 9.
915 1232 975 1258 pag.
992 1224 1029 1250 12.
1059 1225 1241 1250 Delessert
1253 1224 1313 1250 Rec.
1328 1223 1392 1250 Tab.
1407 1224 1447 1250 34.
1462 1224 1506 1257 fig.
1521 1224 1560 1251 12.
1587 1224 1607 1250 P
1618 1224 1678 1250 hil.
1692 1223 1788 1250 conch.
1801 1224 1865 1250 Cal).
1877 1223 1916 1250 cd.
1931 1224 1978 1250 alt.
1993 1223 2057 1250 Tab.
2071 1224 2111 1249 20.
2126 1224 2171 1257 fig.
2185 1223 2209 1249 2.

508 1285 677 1326 Spccimen
701 1297 801 1316 unum
835 1286 917 1316 inter
948 1284 1104 1316 Mollusca
1132 1284 1289 1325 Japoniea
1318 1286 1478 1324 repertum
1507 1287 1555 1315 est
1578 1285 1647 1316 sine
1670 1287 1757 1316 certa
1780 1284 1975 1315 indicatione
1998 1284 2060 1315 loci
2083 1284 2210 1315 natalis.

351 1341 531 1382 Specimina
554 1341 676 1381 reliqua
699 1344 827 1372 nostrae
851 1340 1047 1371 collectionis
1071 1351 1087 1371 e
1109 1341 1187 1371 mari
1211 1339 1339 1370 Sinensi
1362 1339 1516 1379 originem
1540 1339 1671 1371 ducunt.

506 1396 591 1427 Haec
615 1396 753 1433 cochlea,
778 1407 859 1436 quae
883 1407 954 1426 cum
979 1395 1102 1426 Trocho
1126 1395 1332 1435 haematrago
1356 1394 1471 1426 Menke
1494 1395 1702 1435 (columellari
1727 1394 1822 1435 Phil.)
1855 1394 2015 1425 artissime
2038 1394 2211 1434 conjuncta

353 1454 412 1490 est,
436 1451 515 1482 satis
539 1451 630 1482 (locet
654 1451 827 1482 divisiones
851 1451 1006 1490 quasdam
1031 1450 1195 1490 Grayanas
1218 1450 1359 1481 infirmas
1382 1461 1459 1481 esse.

1033 1550 1158 1584 Genus
1181 1550 1387 1585 Pomaulax
1410 1550 1524 1594 Gray.

862 1628 1083 1659 Pomaulax
1113 1628 1332 1669 Japonicus
1362 1629 1448 1659 Dkr.
1481 1627 1699 1669 (Trochus).

555 1695 644 1721 Phil.
665 1694 732 1720 Abb.
752 1695 802 1720 vol.
824 1696 844 1721 1.
883 1695 1001 1720 Trochus
1023 1703 1084 1728 pag.
1107 1695 1162 1721 187.
1184 1695 1248 1721 Tab.
1268 1696 1290 1721 5.
1311 1695 1356 1728 fig.
1377 1696 1398 1720 l.

504 1756 589 1786 Haec
613 1756 735 1795 species
755 1755 820 1795 jam
845 1766 929 1786 anno
955 1756 1038 1786 1845
1061 1767 1080 1786 a
1103 1766 1152 1787 me
1176 1756 1344 1796 descripta,
1376 1755 1499 1786 Trocho
1532 1755 1656 1786 undoso
1680 1755 1783 1786 Wood
1807 1754 1913 1785 affinis
1936 1756 1969 1785 et
1991 1754 2129 1794 analoga
2151 1755 2209 1785 est.

503 1811 671 1851 Specimen
706 1822 791 1841 nunc
825 1812 932 1841 exstat
966 1811 1141 1850 pergrande
1171 1811 1271 1851 spinis
1301 1811 1432 1842 inclusis
1465 1810 1526 1841 142
1559 1810 1635 1841 mill.
1667 1809 1778 1847 latum,
1810 1810 1850 1841 75
1873 1810 1984 1848 altum,
2018 1809 2210 1849 epidermide

347 1878 462 1899 cornea
504 1867 623 1907 passim
656 1866 865 1896 viridescente
907 1865 1132 1896 sublamellosa
1172 1865 1357 1896 obductum.
1410 1865 1529 1906 Spinae
1575 1875 1773 1905 compressae
1807 1875 1904 1896 cavae
1938 1865 2128 1896 convolutae
2159 1864 2210 1895 vel

351 1922 529 1954 cucullatae
553 1922 585 1952 in
610 1932 646 1951 eo
670 1921 804 1960 majores
828 1923 859 1951 et
883 1921 962 1952 sulci
986 1921 1117 1960 spii-ales
1141 1920 1287 1951 fortiores
1311 1923 1395 1952 sunt.
1443 1920 1590 1951 Ceterum
1623 1919 1827 1951 conferantur
1859 1931 1940 1960 quae
1970 1919 1990 1950 l.
2025 1930 2050 1951 c.
2083 1920 2122 1951 de
2150 1919 2210 1950 hac

348 1977 475 2009 cochlea
498 1976 627 2007 uberius
647 1975 713 2015 jam
738 1975 814 2006 dixi.

505 2031 696 2071 Operculum
734 2031 946 2070 ponderosum
982 2031 1013 2060 in
1045 2030 1272 2070 speciminibus
1305 2030 1423 2062 adultis
1457 2034 1565 2062 crusta
1599 2030 1741 2062 calcarea
1775 2031 1899 2062 nitente
1928 2030 2020 2071 quasi
2047 2029 2213 2061 murrhina

349 2087 525 2120 obductum
562 2088 621 2124 est,
653 2086 697 2116 ita
730 2088 766 2116 ut
797 2086 875 2117 sulci
903 2085 1103 2116 obscuriores
1134 2088 1317 2126 appareant.
1363 2086 1463 2117 Latus
1494 2087 1654 2117 internum
1686 2086 1887 2117 concentrice
1922 2096 2074 2126 rugosum
2105 2085 2211 2126 nigro-

349 2153 508 2174 corneum.

503 2200 729 2232 Pomaulax
760 2211 861 2240 genus
891 2199 1073 2239 Grayanum
1098 2211 1116 2230 a
1139 2210 1215 2230 voce
1238 2193 1339 2238 αὖλαξ
1362 2200 1469 2231 sulcus
1492 2202 1524 2231 et
1547 2198 1648 2238 πῶμα
1671 2200 1853 2240 operculum
1877 2200 2095 2236 derivandum,
2126 2209 2211 2230 anno

355 2257 442 2288 1850
467 2256 648 2294 fundatum,
674 2255 756 2286 hanc
780 2258 905 2286 tantum
931 2255 1067 2296 speciem
1091 2257 1124 2285 et
1141 2254 1296 2286 Trochum
1314 2255 1472 2286 undosum
1489 2255 1591 2287 Wood
1609 2255 1663 2296 (z
1679 2256 1843 2295 gigantem
1859 2255 1980 2294 Anton)
1997 2254 2211 2295 amplectitur.

1062 2351 1187 2385 Genus
1210 2351 1340 2385 Bolma
1363 2351 1488 2386 Risso.

900 2429 1043 2460 Bolma
1072 2429 1262 2460 modesta
1284 2429 1417 2460 Reeve
1440 2428 1655 2469 (Trochus).

555 2497 629 2523 Proc.
655 2496 726 2522 Zool.
752 2496 809 2522 Soc.
831 2495 904 2521 1842.
924 2495 1021 2522 conch.
1041 2497 1106 2529 syst.
1127 2496 1176 2522 vol.
1196 2496 1220 2522 2.
1241 2504 1301 2529 pag.
1324 2496 1380 2522 165.
1400 2495 1465 2521 Tab.
1485 2495 1544 2522 218.
1564 2496 1608 2529 fig.
1630 2496 1669 2522 14.
1706 2495 1868 2530 Philippi
1896 2495 1927 2521 in
1953 2494 2211 2521 Mart.-Chemn.

607 2538 704 2565 Conch.
725 2537 788 2564 Cab.
809 2537 849 2564 ed.
870 2538 918 2564 alt.
938 2537 1056 2563 Trochus
1075 2546 1136 2571 pag.
1157 2539 1215 2565 273.
1235 2538 1300 2564 'rau
1319 2538 1362 2564 40.
1382 2539 1426 2571 fig.
1446 2538 1469 2565 3.
1492 2538 1635 2572 (specimen
1655 2538 1727 2564 haud
1747 2538 1891 2572 adultum).

505 2599 590 2630 Haec
613 2599 734 2639 species
757 2599 922 2639 sculptura
946 2598 1120 2634 variabilis,
1146 2598 1202 2629 sed
1226 2599 1330 2629 colore
1353 2601 1515 2637 constans,
1539 2598 1673 2630 Turbini
1696 2609 1813 2639 rugoso
1834 2598 1969 2630 Linnaei
1993 2596 2140 2638 proxima
2162 2597 2211 2627 est

349 2655 533 2694 praesertim
563 2656 709 2695 respectu
741 2654 851 2685 habito
885 2653 993 2684 lateris
1022 2653 1190 2692 inferioris,
1223 2653 1440 2694 peristomatis
1472 2655 1503 2685 et
1532 2654 1604 2684 calli
1638 2654 1823 2685 columellae
1857 2653 1928 2685 rufi.
1952 2671 1994 2674 —
2017 2651 2210 2693 Operculum
