2317 3387
1151 246 1383 278 -244-

350 335 454 364 testae
477 333 576 364 multo
599 332 734 372 majores
757 343 856 373 usque
872 332 912 363 ad
928 332 969 364 95
992 332 1067 363 mill.
1091 332 1174 364 latae
1197 332 1380 363 obveniunt.
1428 331 1595 363 costarum
1619 343 1768 363 uumerus
1791 333 1989 372 aliquantum
2014 334 2194 372 mutabilis;

351 391 459 419 costae
486 388 596 419 valvae.
620 388 788 428 superioris
812 388 924 429 planae
946 388 1095 428 utrinque
1117 388 1296 428 angulatae.

999 498 1097 530 Vola
1128 499 1430 540 punctieulata
1460 498 1548 530 Dkr.

1060 574 1124 601 Tab.
1146 577 1238 601 nostra
1258 576 1296 601 11.
1317 575 1361 607 fig.
1383 574 1421 600 10.
1443 575 1480 600 11.

555 634 683 660 Pectcn
702 634 973 668 puucticulatus
993 634 1068 661 Dkr.
1088 635 1188 661 Ztschr.
1209 634 1225 661 f.
1246 635 1307 661 Mal.
1328 634 1378 660 vol.
1397 633 1437 660 24.
1456 642 1519 668 pag.
1539 635 1578 660 71.

504 711 600 743 Testa
633 712 794 743 tenuicula
828 712 1031 753 aequilatera,
1064 712 1153 743 valde
1184 712 1422 752 inaequivalvis,
1456 712 1547 743 valva
1581 712 1710 744 sinistra
1744 723 1883 744 concava
1918 714 2064 745 immersa
2097 714 2194 745 costis

353 768 477 798 12—14
509 769 654 808 angustis
685 768 864 799 rotundatis
893 768 1025 805 radiata,
1056 768 1254 799 concentrice
1287 767 1490 808 obsoletoque
1521 768 1643 805 striata.
1666 778 1757 799 rosea
1780 769 1949 800 umbonem
1980 780 2087 800 versus
2111 769 2194 807 alba,

352 824 477 864 punctis
500 823 672 855 subtilibus
696 824 802 854 densis
825 823 906 855 albis
922 826 952 855 et
971 823 1046 855 rufis
1069 824 1209 864 undique
1232 834 1359 864 aspersa
1381 823 1536 864 lineisque
1559 823 1720 864 angulatis
1743 823 1824 855 albis
1842 828 1872 855 et
1889 824 1963 856 rufis
1987 824 2082 865 picta.
2103 824 2195 856 valva

351 879 480 910 dextera
503 879 593 910 valde
617 879 782 920 profunda.
807 880 903 911 costis
927 880 1000 911 latis
1022 879 1186 911 fornicatis
1209 879 1350 910 obsoleto
1373 879 1494 910 striatis
1519 882 1678 910 costarum
1713 880 1894 911 interstitiis
1925 880 2034 911 valvae
2064 880 2195 911 alterius

351 935 615 975 respondentibus
650 935 816 973 instructa,
848 946 936 967 rosea
966 935 1054 967 albo·
1077 938 1107 966 et
1130 934 1370 976 rufo-punctam
1394 937 1424 966 et
1447 938 1654 974 marmorata3
1688 935 1847 966 auriculae
1882 946 2014 976 magnae
2046 936 2196 977 aequales

350 991 491 1023 obsolete
514 991 662 1027 striatam
686 991 770 1022 latus
794 992 951 1022 internum
975 991 1082 1022 album
1106 990 1412 1029 rufo-marginatum.
1438 1008 1476 1012 —
1503 990 1570 1022 Lat.
1595 991 1646 1028 33,
1669 991 1723 1022 alt.
1747 990 1789 1022 30
1811 991 1886 1022 mill.

504 1046 600 1078 Plura
623 1047 805 1087 specimina,
833 1059 871 1078 ex
897 1049 984 1088 parte
1003 1046 1158 1087 juvenilia
1180 1049 1310 1077 exstant
1332 1046 1456 1087 pictura
1479 1047 1694 1087 congruentia.

503 1102 586 1134 Haec
609 1104 729 1143 species
752 1103 834 1134 inter
856 1103 950 1134 Volas
972 1103 1011 1134 ad
1035 1103 1093 1134 hoc
1118 1105 1243 1143 tempus
1266 1105 1357 1133 notas
1380 1102 1581 1134 antecedenti
1605 1105 1690 1134 certe
1713 1103 1866 1143 proxima,
1891 1103 1988 1134 costis
2013 1102 2194 1134 rotundatis

350 1159 458 1189 valvae
481 1159 661 1202 superioris,
685 1170 766 1200 quae
788 1159 971 1199 operculum
1002 1158 1159 1190 inferioris
1183 1158 1274 1199 quasi
1298 1157 1423 1195 format,
1448 1168 1504 1188 nec
1527 1169 1591 1189 non
1616 1158 1739 1199 pictura
1765 1159 1919 1190 concinna
1942 1169 2069 1200 prorsus
2091 1158 2194 1190 aliena

351 1214 462 1246 differt.
509 1214 676 1246 Praeterea
698 1215 798 1246 multo
822 1215 948 1246 tenuior
971 1217 1003 1246 et
1026 1214 1191 1246 delicatior
1214 1213 1413 1245 conformata
1435 1217 1491 1245 est.

503 1270 588 1301 Haec
611 1270 731 1302 concha
755 1274 889 1302 venusta
912 1282 930 1301 a
953 1270 1086 1312 Japanis
1112 1269 1356 1311 „Hana-ita·ya“
1383 1270 1574 1301 nominatur.

503 1325 539 1357 In
564 1326 709 1358 iconibus
733 1327 849 1358 nostris
873 1326 959 1358 color
982 1326 1077 1357 nimis
1099 1336 1218 1367 opacus
1240 1328 1297 1362 est,
1321 1327 1353 1356 et
1376 1325 1408 1356 in
1431 1325 1533 1365 figura
1558 1325 1605 1356 10.
1631 1325 1723 1356 valva
1757 1325 1899 1366 superior
1932 1325 2022 1356 valde
2055 1335 2195 1356 concava

351 1381 413 1412 fere.
436 1391 579 1413 convexa
601 1385 740 1423 apparet.

875 1485 973 1516 Vola
1004 1485 1318 1525 inaequivalvis
1348 1483 1444 1515 Sow.
1477 1483 1666 1522 (Pecten).

554 1560 631 1587 Thes.
651 1561 747 1588 Conch.
767 1561 816 1587 vol.
839 1563 859 1587 1.
879 1569 939 1596 pag.
959 1562 999 1588 50.
1019 1561 1062 1594 fig.
1084 1560 1225 1587 193—195.
1264 1560 1372 1586 Reeve
1391 1560 1487 1586 Conch.
1507 1561 1573 1586 icon.
1593 1559 1643 1586 vol.
1663 1559 1686 1585 8.
1706 1559 1804 1585 Pecten
1824 1567 1891 1593 spec.
1913 1560 1934 1585 1.

503 1638 572 1670 Duo
594 1639 767 1680 specimina
800 1642 930 1671 exstant
953 1640 1018 1678 jam
1048 1641 1142 1670 antea
1166 1650 1204 1670 ex
1227 1638 1364 1679 Japonia
1398 1641 1538 1678 accepta,
1572 1640 1731 1678 praeterea
1766 1637 1939 1678 specimina
1963 1648 1978 1667 e
2002 1636 2193 1678 Philippinis

350 1694 462 1725 insulis
486 1694 592 1733 allata,
617 1695 729 1727 beatus
752 1695 788 1726 H.
815 1694 952 1736 Cuming
974 1694 1134 1735 quondam
1158 1705 1280 1725 mecum
1304 1694 1557 1726 communicavit.

506 1750 591 1782 Haec
614 1752 734 1792 species
757 1751 889 1792 parvula
912 1751 1008 1782 costis
1031 1750 1158 1786 {20—‘22
1182 1750 1322 1787 elevatis⁷
1346 1750 1527 1781 rotundatis
1544 1752 1573 1780 et
1590 1749 1756 1790 laevigatis
1780 1759 1878 1790 paene
1894 1749 2082 1790 aequalibus
2098 1750 2195 1781 inter-

354 1806 514 1846 stitiisque
548 1807 709 1838 excavatis
742 1807 946 1838 transversim
980 1806 1227 1847 tenuissimeque
1261 1806 1380 1837 striatis
1411 1807 1566 1837 instructa
1588 1807 1646 1843 est,
1670 1815 1751 1846 quae
1773 1804 1898 1845 quidem
1922 1805 2018 1836 striae
2042 1804 2074 1836 in
2097 1805 2196 1846 speci-

351 1862 490 1893 minibus
523 1862 733 1902 integerrimis
756 1863 978 1894 tantummodo
1008 1862 1168 1893 observari
1199 1865 1342 1902 possunt.
1391 1861 1519 1893 Valvula
1543 1861 1683 1902 superior
1708 1860 1754 1891 vel
1778 1860 1907 1891 sinistra
1930 1860 2193 1901 plano-convexa.

350 1928 477 1949 —non
511 1929 658 1951 concava.
689 1922 723 1950 ut
749 1919 779 1949 in
810 1919 894 1949 Volis
925 1918 1004 1949 solet
1036 1935 1076 1939 —-
1109 1928 1197 1955 caua,
1232 1917 1364 1949 maculis
1399 1917 1495 1949 fuscis
1527 1917 1575 1948 vel
1606 1917 1848 1958 nigricantibus,
1887 1916 2045 1948 interdurn
2079 1916 2194 1948 albidis

351 1973 527 2013 variegata:
553 1974 643 2005 valva
667 1974 797 2006 dextera
821 1985 962 2005 convexa
985 1984 1106 2014 semper
1130 1973 1213 2011 alba,
1237 1974 1291 2005 sed
1314 1973 1447 2005 maculis
1471 1973 1714 2004 rubescentibus
1738 1973 1855 2014 passim
1880 1983 2016 2013 aspersa.

504 2029 600 2061 volae.
628 2030 675 2061 vel
699 2030 826 2062 Janirae
862 2029 1086 2062 Scliumacheri
1120 2030 1236 2071 pariter
1266 2040 1321 2071 pro
1353 2040 1466 2070 genere
1489 2040 1507 2060 a
1531 2028 1716 2060 Pectinibus
1749 2028 1829 2059 veris
1863 2027 2074 2059 secernendae
2108 2031 2192 2059 sunt.

351 2084 478 2124 Species
501 2085 655 2126 quaedam
681 2086 822 2127 insignes
842 2087 906 2127 jam
931 2086 1056 2117 fossiles
1081 2085 1286 2116 inveniuntur
1309 2085 1462 2126 imprimis
1485 2085 1517 2115 in
1542 2084 1730 2116 formatione
1753 2086 1903 2116 cretacea.

1024 2239 1148 2273 Genus
1170 2238 1274 2273 Liina
1298 2237 1519 2281 Bruguicre.

1022 2326 1133 2357 Lima
1163 2336 1386 2366 squamosa
1415 2325 1516 2356 Lam.

557 2402 681 2428 Ostrea
699 2401 794 2428 Lima
813 2402 958 2427 Linnaci
977 2402 1042 2428 Mus.
1062 2401 1127 2428 Lud.
1148 2401 1202 2428 Ulr.
1223 2402 1287 2434 Reg.
1307 2409 1367 2435 pag.
1382 2401 1440 2428 532.
1478 2401 1643 2435 Rumphii
1662 2401 1728 2428 Mus.
1749 2400 1812 2427 Tab.
1827 2401 1868 2426 44.
1882 2401 1926 2434 fig.
1941 2401 1972 2426 D.
2009 2399 2093 2426 Lam.
2113 2399 2192 2426 anim.

606 2453 667 2470 sans
686 2448 752 2470 vert.
772 2445 821 2471 vol.
841 2445 863 2470 7.
883 2452 944 2478 pag.
966 2445 1020 2470 115.
1058 2444 1204 2470 Lischkc
1223 2444 1282 2478 an.
1304 2444 1337 2470 M.
1357 2444 1453 2471 Conch.
1477 2444 1526 2470 vol.
1548 2446 1569 2470 1.
1589 2451 1650 2478 pag.
1671 2443 1726 2470 162.

507 2523 589 2553 Haec
619 2523 739 2564 species
762 2523 793 2553 in
817 2525 970 2554 terrarum
1004 2522 1079 2553 orbe
1102 2522 1166 2553 late
1188 2522 1329 2563 dispersa
1352 2524 1408 2553 est.
1454 2521 1635 2563 Specimina
1668 2521 1823 2563 Japonica
1845 2524 1876 2552 et
1900 2520 2072 2552 Chinensia
2105 2519 2192 2552 nullo

352 2578 445 2609 modo
469 2578 618 2609 differunt
643 2589 660 2609 a
683 2578 920 2610 mediterraneis
943 2578 991 2609 vel
1015 2578 1146 2609 aliarum
1169 2578 1343 2618 regionum.
