2379 3382
915 246 1125 278 -75-

694 331 925 364 Obeliscum
958 332 1181 364 nitidulum
1212 332 1246 363 A.
1280 332 1342 363 Ad.

306 388 382 415 Thes.
402 388 466 415 Tab.
488 390 543 416 171.
563 390 606 424 fig.
627 391 649 417 7.

253 441 466 473 Mino—shima.

661 510 895 543 Obeliscum
925 511 1208 544 trifasciatum
1243 512 1276 543 A.
1310 512 1374 543 Ad.

306 568 379 594 Proc.
399 569 469 595 Zool.
489 569 545 596 Soc.
566 569 638 596 1862.
658 577 718 603 pag.
739 569 796 596 232.
825 596 828 600 ,

254 620 367 661 Uraga,
390 621 559 653 Mososeki.

253 676 399 717 Speciem
422 677 623 709 antecedenti
646 677 848 716 simillimam,
873 688 954 718 quae
977 678 1084 710 fasciis
1108 679 1211 710 tribus
1234 679 1346 711 differt.

712 746 947 778 Obeliscum
979 747 1156 779 vitreum
1188 747 1222 778 A.
1257 748 1318 779 Ad.

251 804 466 845 Mino-shima‚
491 805 606 846 Uraga,
630 805 821 838 Tsu-shima.

251 861 341 892 Hanc
364 864 396 893 et
418 862 554 902 speciem
584 873 665 902 quae
692 863 861 901 antecedit,
896 862 1064 894 Adamsius
1087 866 1181 894 antea
1215 863 1310 904 (Anu.
1334 864 1416 904 Mag.
1441 864 1513 896 Nat.
1538 865 1618 896 Hist.
1643 864 1721 896 Nov.
1748 864 1841 896 1860.
1868 875 1940 906 pag.

97 915 184 958 335).
209 917 351 959 Syrnolis
375 918 441 949 suis
457 917 651 958 aggregavit,
669 917 753 958 quod
770 918 1049 959 comprobaverim.
1066 929 1136 949 cum
1153 920 1248 950 notae
1264 919 1378 951 allatae
1402 920 1547 951 universe
1569 919 1790 960 respondeant.
1830 919 1939 951 Genus

97 975 181 1006 enim
205 973 410 1015 Syrnolarum
433 974 465 1004 in
489 973 651 1005 Obeliscos
673 973 816 1014 graciles,
839 974 968 1011 nitidos,
992 974 1119 1012 vitreos,
1150 974 1346 1006 anfractibus
1370 976 1482 1016 planis,
1506 978 1617 1007 sutura
1640 976 1740 1007 incisa
1764 978 1795 1007 et
1817 976 1942 1007 unica

96 1033 223 1063 tantum
251 1029 435 1062 columellae
458 1029 540 1070 plica
563 1028 735 1061 instructos
751 1029 920 1061 fundatum
943 1031 1000 1061 est.
1047 1029 1154 1061 Nihilo
1177 1032 1284 1061 tamen
1307 1031 1411 1062 minus
1434 1031 1493 1062 hae
1517 1031 1695 1063 cochleolae
1718 1031 1803 1072 quod
1820 1031 1938 1063 attinet

97 1087 137 1118 ad
162 1097 269 1118 earum
293 1085 438 1117 habitum
463 1087 494 1116 et
517 1086 709 1116 structuram
731 1087 797 1117 tam
820 1087 887 1117 arte
910 1096 981 1117 cum
1005 1085 1160 1117 Obeliscis
1184 1086 1371 1125 conjunctae
1394 1088 1478 1125 sunt,
1496 1089 1531 1118 ut
1547 1087 1722 1119 necessario
1746 1087 1941 1128 separandae

96 1153 166 1174 esse
188 1141 267 1173 mihi
291 1152 355 1173 non
378 1141 554 1173 videantur.

251 1197 309 1229 His
332 1197 467 1228 addendi
490 1198 583 1228 sunt:

729 1264 945 1297 Obeliscus
976 1266 1186 1298 solidulus
1218 1266 1305 1298 Dkr.

303 1324 401 1351 Malak.
422 1324 461 1350 Bl.
481 1323 531 1350 vol.
551 1324 574 1350 6.
594 1332 654 1357 pag.
675 1323 732 1350 233.
768 1324 840 1350 Moll.
860 1324 919 1358 Jap.
939 1333 999 1358 pag.
1021 1326 1059 1352 15.
1082 1325 1146 1352 Tab.
1168 1327 1188 1353 1.
1209 1326 1255 1359 fig.
1275 1327 1298 1353 5.
1317 1334 1406 1359 magn.
1427 1327 1513 1353 aucta.

735 1393 949 1426 obeliscus
980 1395 1179 1436 hyalinus
1210 1396 1297 1427 Dkr.

305 1453 401 1479 Malak.
422 1453 462 1480 Bl.
482 1453 532 1480 vol.
552 1454 576 1480 6.
596 1461 656 1487 pag.
677 1453 733 1480 233.
771 1454 842 1479 Mon.
862 1454 921 1488 Jap.
942 1463 1002 1488 pag.
1025 1455 1062 1481 15.
1083 1455 1146 1482 Tab.
1168 1456 1188 1482 l.
1209 1455 1252 1489 fig.
1273 1455 1296 1481 9.
1316 1463 1405 1488 magn.
1425 1457 1513 1481 aucta.

250 1507 391 1547 Utraque
414 1508 534 1547 species
557 1507 590 1538 in
614 1507 711 1538 Portu
735 1507 917 1539 De-shimae
941 1508 1030 1539 lecta.

633 1584 853 1616 Obeliscus
882 1585 1198 1626 tenuisculptus
1227 1585 1415 1616 Lischke.

303 1643 400 1670 Malak.
421 1642 461 1669 Bl.
480 1643 529 1669 vol.
551 1643 589 1669 19.
609 1651 669 1677 pag.
692 1643 749 1669 102.
785 1643 844 1678 Jap.
866 1644 899 1671 M.
919 1645 1015 1671 Conch.
1035 1645 1085 1671 vol.
1107 1645 1129 1671 3.
1149 1652 1210 1678 pag.
1230 1645 1270 1671 58.
1290 1644 1354 1671 Tab.
1374 1645 1397 1671 3.
1417 1646 1461 1678 fig.
1484 1645 1505 1671 7.
1526 1646 1549 1671 8.

252 1695 276 1726 Ε
299 1696 371 1727 sinu
393 1695 551 1727 Jedoensi.

723 1790 848 1824 Genus
871 1789 1033 1834 Syrnola
1056 1790 1100 1825 A.
1124 1790 1315 1832 Adalns.*)

251 1867 333 1899 Clar.
358 1870 468 1899 auctor
491 1867 548 1900 has
571 1867 778 1909 Syrnolarum
801 1869 921 1910 species
944 1870 1116 1910 Japonicas
1140 1869 1304 1901 distinxit:

683 1937 901 1977 Syl-nolam
931 1938 1208 1979 gracillimam
1239 1939 1274 1970 A.
1306 1938 1367 1970 Ad.

303 1996 370 2022 Anu.
390 1996 460 2029 Mag.
480 1995 530 2022 vol.
550 1996 572 2022 5.
595 1996 666 2022 1860.
686 2004 747 2030 pag.
767 1996 824 2024 405.
861 1997 934 2024 Proc.
955 1998 1024 2024 Zool.
1045 1998 1101 2024 Soc.
1124 1998 1196 2024 1862.
1215 2006 1276 2031 pag.
1297 1997 1354 2024 233.

251 2047 467 2086 Mino-shima‚
492 2048 605 2089 Uraga.

692 2114 905 2155 Syrnolam
936 2115 1180 2146 cinctellam
1211 2115 1247 2145 A.
1279 2115 1344 2146 Ad.

304 2170 371 2197 Ibid.
393 2171 465 2198 1860.
484 2172 534 2198 vol.
555 2172 576 2198 6.
596 2180 659 2206 pag.
677 2172 734 2200 333.
772 2173 846 2200 Proc.
867 2173 936 2200 Zool.
957 2173 1013 2200 Soc.
1034 2173 1108 2200 1862.
1128 2181 1189 2207 pag.
1209 2173 1267 2200 233.

252 2223 412 2262 o-shima.
435 2223 617 2256 Seto-Uchi.

741 2289 960 2330 Syrnolam
991 2301 1136 2322 meram
1168 2291 1203 2322 A.
1236 2291 1300 2322 Ad.

304 2348 370 2373 Anu.
391 2347 461 2381 Mag.
484 2348 556 2374 1860.
576 2347 626 2374 vol.
647 2348 668 2374 6.
689 2356 750 2382 pag.
771 2349 829 2374 334.
865 2349 938 2376 Proc.
959 2350 1027 2376 Zool.
1048 2350 1104 2377 Soc.
1127 2350 1203 2376 1862.
1221 2358 1283 2384 pag.
1304 2350 1360 2376 233.

251 2399 469 2439 Mino-shima,
492 2399 648 2432 0-shima.

657 2465 869 2507 Syrnolam
900 2468 1218 2499 teretiusculam
1250 2467 1285 2499 A.
1317 2468 1382 2499 Ad.

303 2523 371 2550 Ann.
391 2524 462 2558 Mag.
482 2523 548 2551 Nov.
571 2524 643 2551 1860.
663 2533 724 2559 pag.
744 2525 802 2553 334.
839 2527 913 2553 Proc.
932 2527 1001 2553 Zool.
1022 2527 1079 2554 Soc.
1099 2528 1115 2553 l.
1135 2527 1150 2554 l.

254 2570 446 2603 Tsu-shima.

252 2656 276 2690 *)
299 2655 350 2683 Cfr.
371 2664 439 2691 quae
458 2657 490 2684 de
509 2657 631 2684 Obelisco
650 2658 736 2685 vitreo
755 2659 841 2685 allata
859 2661 930 2686 sunt.

1622 2698 1688 2730 10*
