2244 3377
1151 299 1363 331 -Ἧ-

481 393 562 425 Clar.
595 393 629 426 T.
652 394 866 428 Davidson.
901 395 1157 436 Brachiopodum
1191 397 1413 437 peritissimus.
1447 407 1558 428 omnes
1589 395 1685 428 huius
1715 396 1826 428 classis
1857 397 1978 437 species
2013 397 2186 438 Japonicas

323 461 490 501 hucusque
512 461 655 493 detectas
679 462 710 493 in
734 462 847 494 iisdem
869 464 1107 495 commentariis
1130 464 1304 504 zoologicis
1328 464 1490 495 tractavit.

481 537 566 568 Inter
589 538 672 568 viros
696 538 817 575 doctos,
851 539 906 579 qui
929 539 967 570 de
990 539 1087 570 fauna
1110 538 1337 570 Molluscorum
1360 539 1457 570 maris
1479 539 1628 580 Japonici
1650 539 1910 579 septentrionalis
1932 539 2062 571 uberius
2084 541 2187 581 scrip-

326 607 446 641 serunt,
470 605 655 644 praesertim
678 606 802 637 ratione
824 605 936 637 habita
960 606 1197 638 distributionis
1225 606 1457 647 geographicae
1479 606 1654 638 multarum
1677 606 1864 647 specierum,
1899 607 2053 648 imprimis
2077 608 2186 639 claris—

326 673 399 704 simi
427 673 473 703 de
496 672 773 704 Middendorff
808 676 839 704 et
868 673 912 704 de
941 673 1140 705 Schrenck
1176 674 1329 705 laudandi
1352 677 1437 705 sunt.
1483 673 1623 705 Nomina
1644 684 1763 711 eorum,
1797 674 1854 714 qui
1876 674 2005 714 singula
2030 674 2185 707 Mollusca

326 740 481 781 Japonica
505 740 601 771 variis
624 740 822 780 temporibus
845 741 1091 782 descripserunt,
1115 741 1167 773 hic
1189 752 1254 773 non
1275 741 1541 773 commemorabo.

480 816 646 857 Equidem,
670 817 769 848 lector
791 817 954 855 benevole,
977 817 1038 849 hoc
1060 817 1141 849 libro
1165 817 1302 848 indicem
1325 818 1472 849 criticum
1505 820 1546 855 et⁷
1570 820 1728 857 quantum
1751 818 1820 849 fieri
1842 820 1977 858 poterat
2001 817 2185 849 absolutum

326 885 478 922 omnium,
512 895 594 925 quae
628 885 795 925 hucusque
829 896 868 916 ex
898 885 1035 925 Japonia
1070 885 1281 916 innotuerunt
1314 884 1541 916 Molluscorum
1575 884 1648 916 Tibi
1679 886 1777 917 offero
1810 896 1942 926 sperans
1965 884 2032 916 fore
2054 887 2090 916 ut
2114 884 2186 916 Tibi

326 953 533 985 satisfecerim
557 963 594 984 eo
616 953 720 992 magis
743 963 814 984 cum
837 953 957 984 multae
988 953 1110 992 species
1133 963 1235 984 novae
1258 952 1405 983 iconibus
1432 952 1613 984 illustratae
1642 952 1772 984 uberius
1808 953 1842 984 in
1864 963 1902 984 eo
1927 955 2085 984 tractatae
2108 953 2182 983 sint.

327 1021 374 1052 Ex
396 1020 447 1051 his
470 1020 750 1061 disquisitionibus
773 1023 861 1061 patet
885 1020 1014 1052 faunam
1037 1020 1265 1051 Molluscotum
1287 1019 1477 1059 Japonicam
1498 1020 1654 1051 marinam
1670 1030 1822 1060 magnam
1837 1023 1869 1051 et
1884 1020 2093 1060 multiplicem
2117 1030 2186 1051 esse

327 1088 396 1119 sine
419 1087 516 1119 dubio
540 1088 626 1129 quod
648 1099 734 1119 mare
756 1088 947 1129 Japonieum
970 1099 989 1119 a
1012 1087 1198 1127 regionibus
1225 1087 1533 1128 septentrionalibus
1555 1099 1658 1128 usque
1680 1088 1721 1119 ad
1743 1088 1865 1120 insulas
1887 1087 2089 1128 Philippinas
2112 1087 2180 1119 lon-

325 1156 455 1197 gissime
477 1158 646 1187 extensum
670 1159 728 1194 est,
764 1155 809 1187 ita
832 1158 868 1187 ut
890 1155 1015 1186 ratione
1038 1155 1150 1186 habita
1172 1154 1399 1186 Molluscorum
1432 1155 1589 1196 distingui
1622 1155 1748 1196 possint
1776 1155 1874 1186 fauna
1904 1155 2036 1195 pacifica
2058 1158 2187 1196 septen-

326 1223 481 1262 trionalis,
517 1223 614 1254 fauna
636 1223 791 1264 Japonica
815 1223 941 1263 propria
964 1225 995 1254 et
1018 1222 1117 1254 fauna
1139 1222 1249 1254 Indica
1273 1222 1322 1253 vel
1344 1223 1453 1263 potius
1474 1223 1646 1261 Malaiana,
1681 1233 1763 1264 quae
1786 1223 1915 1263 quidem
1938 1222 2064 1260 faunae,
2088 1224 2123 1253 ut
2147 1233 2187 1253 ex

326 1292 395 1332 ipsa
417 1292 462 1323 rei
485 1294 602 1323 natura
623 1291 777 1332 sequitur,
802 1301 856 1331 per
878 1291 1036 1322 transitus
1058 1291 1179 1322 sensim
1201 1290 1394 1330 conjunctae
1415 1293 1501 1322 sunt.

480 1369 515 1399 In
539 1368 768 1400 conscribendo
803 1368 863 1399 hoc
893 1367 998 1399 indice
1022 1378 1091 1398 meo
1119 1367 1245 1407 privata
1279 1367 1483 1407 potissimum
1516 1366 1744 1398 Molluseorum
1777 1366 1922 1398 collectio
1956 1365 2043 1398 haud
2071 1366 2187 1406 exigua

325 1448 381 1478 per
404 1438 536 1477 longum
557 1436 710 1477 temporis
733 1436 874 1477 spatium
897 1435 1144 1476 quinquaginta'
1159 1445 1260 1475 paene
1283 1445 1440 1466 annorum
1472 1435 1617 1466 studiose
1639 1436 1744 1472 aucta,
1766 1434 1940 1465 maximam
1963 1436 2086 1474 partem
2109 1434 2187 1466 sub-

325 1506 444 1537 tilitate
477 1505 588 1537 critica
621 1505 849 1541 determinata,
889 1514 947 1534 nec
981 1513 1045 1534 non
1079 1502 1275 1534 bibliotheca
1309 1503 1438 1543 copiosa
1475 1502 1554 1534 mihi
1586 1504 1713 1543 praesto
1743 1505 1844 1534 erant.
1899 1502 1936 1533 In
1968 1502 2047 1534 locis
2080 1502 2186 1534 allatis

325 1574 512 1615 plerumque
544 1583 640 1612 opera
673 1572 742 1612 ipsa
775 1574 942 1602 auctorum
966 1581 1149 1611 comparare
1182 1571 1272 1602 licuit
1307 1576 1429 1602 veteres
1463 1581 1590 1611 quoque
1622 1571 1815 1610 respicienti,
1848 1572 1988 1602 ceterum
2012 1581 2084 1602 vero
2107 1581 2187 1610 opus

326 1641 564 1673 Lischkeanum
585 1639 724 1677 laudavi,
747 1650 819 1670 cum
843 1639 876 1670 in
899 1649 936 1670 eo
958 1641 1025 1670 tam
1049 1639 1219 1679 scriptores
1242 1649 1340 1679 quam
1364 1638 1426 1670 loci
1449 1638 1575 1670 natales
1597 1640 1746 1669 accurate
1768 1639 1903 1670 indicati
1925 1649 1994 1670 esse
2016 1639 2150 1670 soleant.

483 1717 530 1748 Ad
553 1717 697 1748 ordinem
719 1716 895 1756 specierum
918 1715 1160 1756 systematicum
1183 1715 1270 1755 quod
1293 1715 1421 1751 attinet,
1444 1714 1632 1747 methodum
1655 1715 1789 1747 &atrum
1811 1715 1849 1746 H.
1871 1718 1903 1747 et
1926 1715 1962 1746 A.
1988 1715 2130 1748 Adams
2154 1717 2186 1748 in

326 1796 457 1827 „yenera
479 1786 519 1826 of
536 1788 636 1816 recent
657 1784 831 1816 Mollusea··'
855 1783 998 1814 oblatam
1021 1788 1152 1814 secutus
1174 1793 1256 1821 sum,
1287 1783 1434 1823 quamvis
1456 1783 1558 1814 multa
1581 1794 1698 1824 genera
1719 1783 1753 1814 in
1776 1783 1837 1815 hac
1859 1783 2070 1824 dispositione
2093 1785 2189 1816 nimis

328 1854 473 1894 sejuncta
496 1864 564 1885 esse
587 1853 665 1884 mihi
688 1853 867 1884 videantur.
912 1851 1032 1883 Multas
1054 1861 1183 1892 quoque
1205 1851 1327 1891 species
1350 1850 1562 1882 Adamsianas
1585 1852 1777 1890 enumeravi,
1800 1862 1881 1892 quas
1903 1852 2086 1883 examinare
2102 1852 2188 1884 haud

327 1923 432 1961 licuit;
455 1922 575 1953 multae
597 1920 702 1952 adhuc
725 1920 841 1951 dubiae
864 1923 1015 1960 tempore,
1039 1921 1074 1950 ut
1097 1929 1200 1959 spero⁷
1222 1919 1330 1950 futuro
1353 1919 1520 1959 patebunt.

481 1996 545 2028 Sed
567 1999 667 2028 restat
689 1999 726 2028 ut
749 1996 824 2027 viris
847 1995 1031 2027 clarissimis
1061 1996 1184 2035 gratias
1215 2006 1309 2036 agam
1332 1996 1491 2027 maximas
1512 1995 1555 2027 ob
1579 1995 1728 2027 subsidia
1748 1996 1782 2027 in
1805 1995 2000 2028 elaborando
2023 1996 2084 2028 hoc
2106 1997 2188 2029 libro

326 2065 368 2096 ab
392 2065 430 2096 iis
453 2065 532 2096 mihi
555 2064 682 2096 oblata:

483 2140 704 2172 Guilielmo
731 2140 944 2178 Burchard,
976 2141 1032 2181 qui
1055 2139 1230 2180 Conchylia
1253 2140 1458 2180 potissimum
1487 2141 1643 2180 exoptata
1665 2140 1859 2172 liberalitate
1881 2140 1978 2172 solita
2001 2140 2086 2172 dono
2109 2141 2188 2173 mihi

328 2209 430 2241 dedit:
453 2209 608 2240 Joanni
630 2209 737 2246 Rein‚
761 2208 902 2248 collegae
926 2208 1200 2249 conjunctissimo,
1224 2209 1279 2249 qui
1303 2208 1411 2239 omnia
1433 2207 1589 2239 Mollusca
1616 2208 1750 2246 marina,
1773 2219 1856 2248 quae
1877 2219 1918 2239 ex
1940 2208 2056 2240 itinere
2077 2208 2188 2241 bienni

331 2277 364 2308 in
387 2277 558 2317 Japoniam
580 2276 665 2308 facto
688 2277 872 2317 reportavit,
904 2277 938 2307 in
962 2287 1056 2308 usum
1079 2287 1185 2307 meum
1207 2275 1357 2314 tradidit;
1390 2275 1465 2307 clar.
1489 2275 1665 2307 Ernesto
1688 2275 1832 2313 Satow,
1865 2275 1942 2316 phil.
1965 2275 2030 2313 Dri,
2054 2276 2088 2307 in
2111 2275 2188 2308 urbe

327 2345 429 2376 Tokio
451 2345 605 2386 legationi
630 2344 781 2385 Anglicae
803 2344 973 2385 adscripto,
1006 2345 1062 2385 qni
1085 2344 1250 2384 conchylia
1282 2344 1422 2384 pretiosa
1444 2344 1485 2375 ad
1508 2354 1557 2375 me
1580 2343 1668 2375 misit
1699 2343 1859 2384 adjunctis
1887 2343 2072 2375 nominibus
2103 2345 2189 2385 apud

327 2413 468 2453 Japanos
492 2413 635 2451 usitatis
670 2412 882 2444 Theodoro
914 2412 1150 2444 Loebbecke
1174 2411 1434 2452 Dusseldorpino‚
1467 2412 1523 2451 qui
1546 2411 1638 2452 plura
1660 2411 1888 2443 Molluseomm
1911 2412 2086 2452 specimina
2110 2412 2189 2443 mihi

329 2481 487 2512 commisit
511 2483 546 2512 ut
570 2484 830 2521 compararentur
852 2491 910 2512 nec
933 2491 997 2512 non
1021 2491 1116 2521 opera
1139 2480 1295 2520 quaedam
1320 2480 1457 2518 rariora;
1491 2478 1714 2510 Guilielmo
1742 2479 1892 2510 Kobelt
1924 2479 2006 2511 med.
2029 2479 2106 2517 Dri.⁷
2133 2481 2189 2520 qui

329 2549 548 2580 collectionem
570 2548 796 2581 Molluscorum
828 2548 1057 2589 Japonicorum
1091 2559 1222 2589 parvam
1245 2547 1323 2580 mihi
1347 2547 1582 2579 commendavit
1616 2547 1738 2587 species
1770 2547 1956 2587 praesertim
1978 2546 2189 2579 Adamsianas

329 2616 567 2648 continentem:
591 2617 727 2657 denique
751 2617 901 2648 Davidi
924 2617 1080 2648 Brauns
1103 2615 1289 2652 Professori,
1314 2616 1370 2655 qui
1392 2614 1547 2647 Mollusca
1569 2614 1723 2646 nonnulla
1746 2615 1834 2646 misit
1857 2624 1954 2655 prope
1969 2614 2071 2647 Tokio
2094 2614 2188 2648 lecta.

329 2684 485 2716 Omnibus
510 2684 559 2715 his
582 2685 693 2716 amicis
715 2685 836 2725 gratias
860 2685 1012 2726 repetitas
1035 2685 1087 2716 hic
1111 2684 1222 2715 refero.
