2379 3382
921 245 1136 276 -77-

674 331 893 372 Syl-nolam
928 330 1227 371 Cylindrellam
1259 330 1294 361 A.
1327 331 1390 362 Ad.

315 387 388 413 Proc.
407 387 424 412 1.
443 394 464 412 c.

266 434 527 466 Takano-shima.

695 501 911 542 Syl-nolam
946 502 1209 533 columellam
1244 502 1278 532 A.
1315 502 1371 533 Ad.

316 557 333 584 l.
353 565 373 584 c.
393 565 454 591 pag.
474 556 531 583 235.

267 605 449 644 Sem-Uchi,
472 605 640 638 Mososeki.

726 673 936 714 Syrnolam
973 672 1187 704 daedalam
1219 672 1254 703 A.
1287 672 1344 703 Ad.

320 729 336 754 l.
357 736 377 755 c.

266 776 378 817 Uraga.

748 895 873 929 Genus
896 894 1086 938 Stylopsis
1108 894 1151 929 A.
1175 894 1324 928 Adams.

761 986 976 1028 Stylopsis
1010 987 1151 1028 typica
1188 986 1223 1017 A.
1260 986 1322 1017 Ad.

323 1054 390 1080 Ann.
409 1055 480 1088 Mag.
501 1054 532 1081 N.
552 1055 585 1082 H.
607 1055 680 1081 1860.
700 1063 761 1089 pag.
781 1055 839 1081 406⁴

271 1110 380 1142 Coi-ea.

749 1192 955 1233 Stylopsis
989 1192 1155 1223 sulcata
1189 1191 1224 1222 A.
1258 1191 1320 1222 Ad.

320 1261 388 1287 Anu.
408 1261 479 1294 Mag.
500 1260 533 1286 N.
552 1260 585 1287 H.
605 1261 679 1295 Sept.
700 1261 774 1287 1801.
794 1268 856 1294 pag.
875 1260 931 1286 241.

272 1321 358 1353 Mare
381 1321 532 1353 Ochotsk.

270 1377 378 1409 Genus
402 1377 558 1418 Stylopsis
582 1377 735 1418 Syl-nolae
759 1380 930 1417 cognatum
954 1378 1013 1413 est,
1037 1376 1092 1407 sed
1115 1375 1199 1417 plica
1222 1375 1407 1407 columellae
1429 1374 1594 1407 deficiente
1617 1375 1798 1417 insignitur.

715 1522 839 1556 Genus
862 1520 1131 1565 Styloptygma
1153 1521 1197 1555 A.
1220 1520 1370 1555 Adams.

678 1613 970 1654 Styloptygma
1004 1612 1231 1644 taeniatum
1268 1611 1303 1643 A.
1339 1611 1402 1642 Ad.

322 1681 397 1707 Proc.
417 1681 487 1707 Zool.
507 1681 563 1708 Soc.
585 1681 650 1708 1862
669 1690 730 1716 pag.
749 1681 808 1708 235.

275 1742 370 1774 Testa
391 1743 497 1774 tenuis
520 1743 690 1784 splendens
714 1742 934 1780 flavido-alba,
958 1740 1242 1781 clausiliaeformis⁷
1266 1741 1365 1772 fascia
1387 1740 1459 1772 rufa
1481 1740 1596 1779 cincta,
1612 1740 1810 1772 anfractibus
1825 1742 1966 1782 septenis

117 1800 167 1832 vel
190 1800 315 1833 octonis
337 1799 600 1840 plano-convexis
617 1800 729 1830 sutura
747 1799 920 1839 conspicua
935 1798 1087 1839 sejunctis
1103 1808 1160 1838 per
1177 1797 1411 1838 longitudinem
1427 1796 1640 1828 minutissime
1655 1796 1776 1828 striati-s
1793 1797 1963 1838 instructa3

119 1859 267 1898 apertura
289 1858 394 1894 ovata,
417 1855 521 1887 antice
543 1856 720 1887 incrassata
745 1857 777 1886 et
800 1854 951 1888 dilatata:
975 1854 1058 1895 plica
1081 1854 1267 1885 columellae
1297 1853 1453 1891 mediana,
1484 1852 1608 1884 labrum
1638 1854 1734 1884 tenue
1756 1852 1899 1893 simplex.
1925 1871 1967 1875 —

119 1912 180 1943 Alt.
205 1912 235 1951 7,
260 1911 353 1943 diam.
378 1922 461 1942 max.
487 1911 537 1950 1,5
560 1911 636 1942 mill.

273 1967 533 1999 Takano-shima.

274 2023 370 2055 Plura
392 2023 566 2064 specimina
588 2025 726 2054 exstant.

275 2079 444 2111 Coehleola
471 2079 596 2120 integra
627 2078 797 2120 splendens
831 2080 863 2109 et
892 2077 1061 2119 pellucida,
1094 2075 1194 2107 fascia
1227 2078 1409 2107 transversa
1443 2075 1577 2107 rubente
1600 2075 1728 2116 signata
1749 2076 1807 2113 est,
1831 2086 1911 2116 quae
1934 2076 1967 2106 in

119 2136 213 2168 testis
236 2135 361 2167 detritis
383 2135 432 2166 vel
455 2135 559 2166 adesis
582 2145 646 2166 non
669 2135 865 2165 observatur.

274 2191 440 2223 Praeterea
463 2191 481 2222 l.
507 2202 531 2222 C.
556 2193 797 2222 enumel'allturl

689 2280 985 2321 Styloptygma
1017 2278 1244 2320 pupiforme
1273 2277 1309 2308 A.
1341 2277 1402 2308 Ad.

328 2349 450 2374 Rissoa
474 2348 722 2382 (Goniostomaj
747 2348 958 2382 pupiformis
977 2348 1007 2373 A.
1028 2346 1082 2373 Ad.
1101 2346 1169 2372 Anu.
1188 2345 1260 2379 Mag.
1282 2344 1355 2371 1860.
1376 2344 1399 2371 5.
1418 2352 1480 2379 pag.
1499 2344 1556 2370 411.

275 2409 489 2441 Mino-shima.

729 2477 1018 2518 Styloptygma
1051 2476 1192 2508 lendix
1227 2475 1262 2505 A.
1297 2474 1359 2506 Ad.

277 2533 420 2566 Yobuko.

709 2601 1006 2642 Styloptygma
1040 2600 1203 2641 gibbum
1238 2599 1273 2630 A.
1309 2599 1376 2630 Ad.

278 2657 433 2697 O—shima‚
456 2658 594 2690 Tanabe.
