2317 3387
356 318 576 351 Odostomia
606 318 790 359 producta
822 318 857 349 A.
884 318 947 349 Ad.
972 319 1022 349 83.

357 374 579 406 Odostomia
606 374 794 414 pruinosa
825 374 859 404 A.
885 374 946 405 Ad.
970 374 1021 405 82.

356 430 582 462 Odostomia
610 441 706 470 pupa
738 430 772 461 A.
797 429 859 461 Ad.
883 430 932 461 82.

356 486 582 518 Odostomia
610 497 794 526 pygmaea
826 485 860 516 A.
886 486 946 516 Ad.
972 486 1020 517 82.

356 541 579 572 Odostomia
609 542 768 582 pyramis
797 541 830 571 A.
857 541 916 572 Ad.
941 542 991 573 83.

356 597 580 628 Odostomia
611 597 756 628 scalina
783 597 817 627 A.
844 597 904 627 Ad.
928 597 978 628 83.

357 652 544 684 Odostomia
568 652 691 692 spiralis
714 652 811 683 Mont.
836 652 886 683 84.

358 708 543 739 Odostomia
566 708 684 749 spirata
708 708 742 738 A.
769 708 823 739 Ad.
849 708 898 739 84.

355 764 575 796 Odostomia
603 764 876 804 subangulata
908 764 940 794 A.
965 764 1029 795 Ad.
1055 765 1103 796 81.

355 819 584 850 Odostomia
611 819 887 860 subdiaphana
918 820 952 850 A.
988 820 1050 851 Ad.
1075 821 1126 851 81.

354 875 538 907 Odostomia
560 875 682 906 sulcata
705 875 739 906 A.
766 875 822 906 Ad.
846 876 896 907 83.

354 931 587 962 Odostomia
609 934 748 962 tenera
778 931 812 962 A.
841 931 903 962 Ad.
928 932 978 962 83.

355 987 589 1018 Odostomia
619 987 859 1018 ventricosa
888 990 922 1018 A.
958 988 1016 1018 Ad.
1041 988 1090 1018 83.

355 1042 589 1074 Odostomia
616 1043 742 1073 vitrea
773 1042 806 1073 A.
838 1043 897 1073 Ad.
922 1043 972 1074 83.

355 1098 469 1129 Oliva
499 1098 684 1129 carneola
712 1098 813 1129 Lam.
838 1098 887 1129 46.

352 1154 444 1186 Oliva
470 1154 641 1185 conoidalis
666 1154 750 1184 Lam.
775 1154 825 1185 46.

353 1210 443 1241 Oliva
467 1210 655 1241 consobrina
678 1209 820 1240 Lisclike.
844 1209 894 1240 47.

352 1266 444 1297 Oliva
467 1266 558 1296 dama
580 1265 687 1296 Mawe.
712 1265 761 1296 47.

352 1321 467 1353 Oliva
497 1321 652 1361 elegans
682 1321 781 1352 Lam.
805 1321 855 1351 46.

352 1376 443 1408 Oliva
467 1377 580 1417 exigua
603 1376 720 1407 Mtirch.
744 1377 797 1407 46.

352 1432 443 1464 Oliva
466 1432 573 1463 fabula
596 1432 687 1463 Marr.
711 1433 761 1463 47.

352 1488 443 1519 Oliva
466 1488 591 1528 gracilis
614 1488 706 1519 Brorl.
731 1491 762 1519 et.
785 1488 867 1519 Sow.
891 1488 940 1518 47.

351 1544 469 1576 Oliva
499 1544 648 1575 irisans
679 1544 779 1575 Lam.
803 1544 853 1575 46.

351 1600 470 1632 Oliva
497 1599 713 1631 mustelina
740 1599 837 1631 Lam.
861 1599 910 1631 46.

351 1655 469 1688 Oliva
496 1657 606 1697 picta
636 1656 726 1687 Rve.
758 1656 809 1687 46.

351 1711 443 1743 Oliva
465 1712 590 1752 signata
613 1712 757 1743 Lischke.
781 1712 831 1742 47.

350 1767 464 1799 Oliva
493 1767 710 1799 tessellata
738 1767 836 1798 Lam.
861 1767 911 1798 46.

351 1823 520 1855 Olivella
552 1834 728 1854 anazora
757 1823 864 1854 Ducl.
888 1823 938 1854 46.

351 1878 523 1910 Olivella
551 1879 799 1910 consobrina
828 1878 1005 1910 Lisehke.
1029 1879 1079 1909 47.

351 1935 527 1966 Olivella
555 1935 662 1966 dama
691 1935 814 1966 Mawe.
838 1935 888 1965 47.

351 1990 525 2022 Olivella
552 1991 716 2031 gracilis
748 1991 855 2022 Brod.
886 1993 922 2022 et
952 1990 1048 2022 Sow.
1072 1991 1122 2022 47.

351 2046 526 2078 Olivella
553 2047 738 2088 jaspidea
769 2047 884 2078 Gmel.
909 2047 960 2077 46.

351 2102 526 2134 Olivella
556 2103 721 2142 signata
751 2102 937 2134 Lisehke.
962 2103 1011 2134 47.

350 2158 521 2189 Olivella
551 2161 685 2198 spreta
714 2158 847 2190 Gould.
876 2159 925 2189 47.

350 2214 517 2245 Olivella
546 2214 709 2254 tergina
742 2215 849 2245 Ducl.
874 2215 924 2245 47.

350 2269 520 2301 Olivella
548 2272 717 2301 zanoeta
747 2270 850 2301 Ducl.
880 2270 930 2301 47.

350 2324 577 2366 Omphalius
606 2326 785 2357 sordidus
814 2326 906 2357 Phil.
941 2326 1008 2357 144.

350 2381 481 2412 Onoba
508 2382 695 2413 annulata
722 2382 803 2413 Dkr.
832 2383 899 2413 120.

350 2436 481 2468 Onoba
511 2437 609 2468 bella
642 2439 676 2468 A.
703 2438 763 2469 Ad.
791 2438 858 2469 120.

350 2492 480 2524 Onoba
509 2494 660 2534 egregia
688 2493 722 2524 A.
752 2493 812 2524 Ad.
848 2494 915 2525 120.

349 2548 478 2579 Onoba
505 2549 722 2589 elegantula
750 2550 784 2580 A.
815 2550 874 2581 Ad.
903 2551 971 2581 120.

349 2603 478 2635 Onoba
505 2604 720 2646 ferruginea
748 2606 782 2636 A.
812 2605 872 2637 Ad.
905 2606 972 2637 120.

1158 234 1393 266 —286—

1376 320 1509 351 Onoba
1537 320 1667 351 lueida
1695 321 1729 351 A.
1761 321 1821 351 Ad.
1850 321 1916 352 120.

1376 375 1506 407 Onoba
1538 376 1702 407 mirifica
1738 378 1771 407 A.
1801 377 1862 408 Ad.
1890 377 1956 407 120.

1374 431 1504 462 Onoba
1537 431 1716 463 mundula
1749 434 1782 462 A.
1812 431 1873 463 Ad.
1909 432 1975 463 120.

1377 486 1507 518 Onoba
1537 487 1674 527 patula
1702 487 1736 517 A.
1767 487 1831 518 Ad.
1858 487 1926 518 120.

1377 541 1514 573 Onoba
1540 553 1703 582 procera
1731 543 1766 573 A.
1798 542 1858 573 Ad.
1886 543 1953 573 120.

1377 596 1509 628 Onoba
1536 597 1685 637 spirata
1717 599 1750 628 A.
1780 598 1841 629 Ad.
1869 598 1936 629 120.

1377 652 1489 684 Onoba
1514 653 1659 684 sulcifera
1685 653 1717 683 A.
1743 653 1798 684 Ad.
1825 653 1893 684 120.

1378 708 1490 748 Opalia
1513 708 1673 748 exquisita
1696 710 1730 739 A.
1758 708 1814 740 Ad.
1838 709 1888 740 68.

1379 763 1602 804 Opereulatum
1626 764 1712 795 laeve
1735 764 1803 795 Lin.
1831 766 1898 796 169.

1379 819 1521 851 Oseilla
1550 819 1736 851 annulata
1766 821 1800 850 A.
1826 820 1886 852 Ad.
1911 821 1960 851 84.

1379 875 1522 906 Oscilla
1552 875 1745 906 circinata
1779 876 1813 906 A.
1846 876 1905 907 Ad.
1935 877 1984 907 84.

1379 930 1521 961 Oscilla
1550 930 1666 961 lirata
1695 931 1729 961 A.
1761 931 1820 962 Ad.
1845 932 1894 963 83.

1379 985 1527 1017 Oscilla
1553 985 1705 1017 sulcata
1735 986 1770 1017 A.
1800 987 1860 1018 Ad.
1885 988 1934 1019 83.

1379 1041 1515 1072 Ostrea
1542 1041 1702 1072 arborea
1729 1041 1840 1073 Chem
1854 1053 1882 1073 n.
1908 1043 1976 1074 250.

1379 1097 1492 1129 Ostrea
1515 1097 1692 1128 auriculata
1715 1096 1797 1128 Sow.
1822 1098 1892 1129 249.

1378 1153 1491 1184 Ostrea
1513 1163 1610 1183 cornu
1634 1153 1742 1193 copiae
1766 1152 1893 1184 Chemn.
1918 1154 1989 1185 250.

1378 1210 1512 1241 Ostrea
1539 1208 1745 1239 cucullata
1776 1209 1883 1241 Born.
1908 1210 1978 1241 250.

1377 1265 1511 1297 Ostrea
1541 1264 1660 1295 dense
1689 1264 1885 1296 lamellosa
1918 1265 2087 1298 Lischke.
2118 1267 2188 1299 249.

1377 1321 1489 1353 Ostrea
1511 1319 1612 1351 edulis
1635 1319 1668 1350 L.
1693 1320 1763 1351 249.

1377 1377 1514 1409 Ostrea
1543 1375 1684 1408 folium
1712 1376 1792 1407 Lin.
1821 1377 1892 1408 249.

1376 1434 1487 1464 Ostrea
1511 1427 1667 1466 Forske'tlii
1691 1434 1820 1465 Chemn.
1846 1434 1915 1465 250.

1375 1488 1487 1521 Ostrea
1509 1492 1596 1522 frons
1618 1490 1686 1522 Lin.
1712 1491 1782 1521 249.

1375 1545 1511 1577 Ostrea
1541 1546 1650 1587 gigas
1682 1545 1824 1577 Thunb.
1857 1546 1927 1577 249.

1374 1601 1487 1633 Ostrea
1509 1602 1656 1642 glaucina
1678 1602 1764 1633 Lam.
1788 1602 1858 1633 249.

1374 1657 1486 1689 Ostrea
1508 1657 1666 1699 hippopus
1688 1658 1775 1689 Lam.
1800 1657 1870 1688 249.

1374 1712 1486 1744 Ostrea
1508 1713 1612 1754 hyotis
1634 1713 1702 1744 Lin.
1728 1713 1798 1745 250.

1374 1767 1515 1799 Ostrea
1543 1769 1748 1800 imbricata
1770 1769 1863 1800 Lam.
1893 1769 1962 1801 250.

1373 1824 1467 1855 Ostra
1490 1824 1643 1865 Japonica
1667 1824 1765 1856 Gmel.
1790 1825 1860 1856 243.

1373 1879 1486 1911 Ostrea
1508 1880 1690 1920 Laperousii
1716 1880 1886 1912 Schrenck.
1911 1881 1981 1912 249.

1373 1935 1485 1967 Ostrea
1506 1936 1596 1967 Lima
1617 1936 1685 1967 Lin.
1710 1936 1780 1967 244.

1372 1991 1484 2023 Ostrea
1506 1991 1639 2023 malleus
1662 1991 1753 2023 albus
1777 1991 1905 2023 Chemn.
1930 1992 2000 2024 230.

1372 2047 1484 2079 Ostrea
1506 2047 1648 2079 Nilssoni
1670 2047 1719 2078 Br.
1744 2047 1815 2078 249.

1371 2103 1483 2134 Ostrea
1506 2103 1676 2135 obliterata
1698 2103 1766 2134 Lin.
1792 2103 1863 2135 243.

1371 2159 1483 2191 Ostrea
1506 2159 1676 2199 parasitica
1699 2158 1798 2190 Gmel.
1822 2159 1892 2191 250.

1370 2214 1483 2246 Ostrea
1506 2225 1603 2255 perna
1625 2215 1693 2246 Lin.
1718 2215 1789 2246 230.

1370 2270 1482 2302 Ostrea
1505 2271 1726 2302 Pleuronectes
1749 2270 1815 2302 Lin.
1841 2271 1911 2303 243.

1370 2326 1482 2358 Ostrea
1504 2327 1586 2367 plica
1609 2327 1677 2357 Lin.
1701 2326 1772 2357 242.

1369 2382 1505 2414 Ostrea
1531 2382 1676 2423 plicata
1707 2381 1854 2413 Chemn.
1878 2382 1948 2414 249.

1369 2438 1482 2470 Ostrea
1504 2438 1620 2479 plicata
1641 2437 1706 2469 Dfr.
1731 2437 1802 2469 249.

1369 2494 1482 2526 Ostrea
1503 2494 1621 2534 plicata
1643 2493 1780 2525 Nilsson.
1805 2493 1875 2525 249.

1369 2549 1481 2581 Ostrea
1503 2549 1656 2591 plicatula
1679 2548 1777 2580 Gmel.
1802 2549 1872 2581 249.

1373 2604 1486 2637 Ostrea
1508 2605 1617 2646 regula
1639 2598 1780 2639 Forskssil.
1806 2607 1876 2639 231.
