2317 3387
1180 262 1412 294 —198—

377 351 477 382 Gmel.
512 349 608 391 (Syst.
642 349 713 380 Nat.
749 359 818 389 pag.
844 348 961 386 3279),
994 348 1027 379 V.
1056 349 1159 379 tristis
1191 348 1277 380 Lam.
1312 348 1393 387 (Del.
1427 347 1498 378 Rec.
1528 346 1606 378 Tab.
1639 348 1686 378 11.
1715 347 1767 388 fig.
1795 346 1838 387 3.)
1863 349 1894 379 et
1917 347 2098 388 elegantina
2132 347 2219 380 Lam.

379 406 500 438 Pariter
524 405 627 436 Venus
652 405 805 436 Labuana
828 405 885 435 Ad.
910 406 941 435 et
964 403 1040 435 Rve.
1066 403 1148 435 Sam.
1174 414 1244 444 pag.
1271 406 1320 436 79.
1346 405 1422 436 Tab.
1448 404 1498 436 21.
1522 404 1574 444 fig.
1609 403 1656 433 16.
1689 403 1734 434 nil
1761 406 1809 434 est
1838 403 1900 434 nisi
1929 403 2064 435 varietas
2094 406 2221 434 nostrae

379 462 517 495 conchae
540 461 683 502 insignis.

900 540 1055 573 Chione
1085 542 1346 573 astartoides
1376 540 1489 572 Beck.
1519 537 1698 579 (Venus).

584 610 671 637 Phil.
691 609 757 636 Abb.
777 609 828 635 vol.
842 609 865 635 3.
880 616 940 642 pag.
960 608 1000 634 35.
1021 609 1093 642 (61.).
1131 609 1219 635 Venus
1238 608 1301 634 Tab.
1321 609 1344 634 9.
1358 608 1401 641 fig.
1413 608 1436 633 4.
1474 606 1525 633 Cfr.
1546 605 1718 632 Schrenck
1738 605 1832 632 Reisen
1844 606 1879 632 im
1891 606 1991 633 Amurl.
2005 605 2078 632 Mon.
2091 613 2150 639 pag.
2163 604 2220 632 529.

532 672 618 704 Mare
639 671 794 712 Japoniae
817 669 1073 710 septentrionale,
1098 670 1176 701 litus
1200 669 1442 700 Groenlandiae.

731 756 887 787 Chione
915 754 1256 796 (Circomphalus)
1284 754 1465 786 foliacea
1493 753 1679 794 Philippi
1708 752 1868 793 (Venus).

585 825 651 852 ΑΜ).
671 825 720 851 vol.
740 824 762 850 2.
783 832 844 857 pag.
866 823 920 850 107.
958 822 1046 849 venus
1075 822 1138 849 Tab.
1159 823 1182 849 5.
1215 823 1259 856 fig.
1281 823 1302 848 l.
1338 821 1461 847 Chione
1481 820 1627 846 foliacea
1651 819 1745 846 Desh.
1776 820 1803 845 in
1830 819 1896 845 Brit.
1923 819 1991 845 Mus.
2018 819 2075 846 Cat.
2104 819 2222 846 Conchif.

636 877 696 902 pag.
712 867 767 894 122.
787 877 819 889 z
838 866 976 892 Anaitis
996 866 1143 891 foliacea
1162 866 1268 891 Roem.
1287 876 1321 888 z
1340 865 1448 889 Venus
1468 864 1565 889 tiara
1584 871 1650 888 var.
1670 862 1747 889 Sow.
1762 865 1813 888 etc.
1840 861 1983 889 Lischke
2001 862 2060 896 Jap.
2075 862 2108 888 M.
2125 861 2152 888 C.
2172 862 2222 889 vol.

634 912 657 938 3.
677 919 738 946 pag.
758 911 799 937 85.

534 973 715 1015 Speeimina
737 971 901 1013 complura
922 971 1006 1001 lecta
1028 972 1114 1007 sunt,
1138 980 1218 1010 quae
1242 968 1398 999 Africanis
1424 979 1462 998 ex
1493 966 1596 998 insula
1626 965 1783 998 Zanzibar
1805 968 1837 997 et
1868 965 1947 997 Mari
1969 965 2064 998 rubro
2087 977 2106 997 a
2129 965 2222 997 beato

381 1030 510 1062 Alberto
535 1030 657 1061 Rodatz
681 1028 842 1070 quondam
865 1026 1034 1067 reportatis
1058 1025 1150 1066 plane
1173 1024 1374 1065 respondent.

840 1112 999 1144 Chione
1027 1107 1370 1151 (Circomphalus)
1400 1108 1633 1139 isabellina
1660 1107 1763 1138 Phil.

586 1181 713 1208 Zeitschr.
733 1180 774 1206 fiir
793 1179 921 1207 Malakoz.
942 1178 1014 1205 1848.
1035 1186 1095 1212 pag.
1117 1178 1173 1204 189,
1211 1177 1320 1210 (Venus)
1339 1175 1406 1202 Abb.
1426 1177 1453 1201 et
1474 1175 1580 1202 Beschr.
1602 1176 1652 1201 vol.
1672 1176 1695 1201 3.
1715 1183 1776 1209 pag.
1796 1175 1838 1200 39.
1857 1174 1896 1200 83.
1918 1174 1981 1200 Tab.
2005 1174 2041 1200 10.
2061 1174 2105 1207 fig.
2125 1175 2148 1200 5.

537 1243 648 1275 Veneri
672 1253 751 1283 quae
774 1241 917 1282 sequitur
940 1240 1053 1271 affinis.
1099 1239 1185 1271 Mare
1209 1238 1367 1270 Chinense
1390 1240 1422 1269 et
1443 1237 1643 1277 Japonicum.

752 1326 907 1358 Chione
930 1324 1271 1365 (Circomphalus)
1297 1321 1528 1362 calophylla
1555 1320 1653 1352 Phil.
1683 1320 1854 1362 (Venus).

593 1396 727 1429 Wiegm.
747 1394 824 1420 Arch.
844 1394 859 1420 f.
879 1393 996 1427 Naturg.
1015 1392 1088 1419 1836.
1109 1391 1172 1432 Tap.
1192 1393 1215 1417 8.
1234 1391 1279 1424 fig.
1299 1390 1321 1417 2.
1359 1389 1487 1416 Chione
1505 1389 1687 1415 lamellata
1707 1389 1736 1415 A.
1756 1388 1878 1414 Adams
1895 1395 1959 1415 non
1978 1388 2060 1414 Lam.

537 1458 623 1490 Mare
647 1457 804 1488 Chinense
827 1458 857 1487 et
881 1454 1078 1495 Japonicum.
1124 1453 1229 1484 Unum
1253 1453 1411 1493 specimen
1435 1453 1550 1482 exstat.

815 1540 967 1571 Chione
995 1539 1219 1579 (Timoclea)
1249 1536 1484 1568 cardioides
1507 1536 1606 1567 Lam.
1632 1535 1794 1576 (Venus).

590 1610 675 1636 Anim.
695 1618 756 1635 sans
775 1610 840 1634 vert.
860 1607 910 1633 vol.
930 1607 952 1633 6.
972 1614 1032 1640 pag.
1052 1606 1109 1632 345.

539 1672 607 1703 Huc
631 1681 757 1712 quoque
781 1670 939 1710 pertinent
962 1667 1097 1698 Veneres
1121 1666 1292 1706 asperrima
1315 1668 1345 1696 et
1370 1666 1541 1696 intersecta
1570 1663 1741 1703 Sowffl-byi,
1773 1663 1888 1703 pariter
1917 1661 2070 1702 Cytherea
2098 1661 2228 1693 cardilla

388 1728 566 1762 Lamarckii
590 1730 626 1758 ut
649 1725 858 1766 Deshayesius
882 1724 971 1755 docet
996 1723 1028 1753 in
1052 1723 1147 1753 anim.
1172 1732 1246 1752 sans
1269 1725 1345 1752 vert.
1371 1721 1430 1752 vol.
1454 1720 1482 1751 6.
1508 1731 1578 1761 pag.
1603 1719 1675 1750 328.

540 1782 788 1816 Oki-no-shima.
835 1780 869 1810 A.
894 1779 1044 1810 Adamsio
1068 1780 1149 1809 teste
1179 1777 1272 1818 (Ann.
1297 1776 1379 1816 Mag.
1404 1776 1476 1807 Nat.
1501 1775 1582 1806 Hist.
1607 1774 1671 1806 Ser.
1696 1774 1724 1804 4.
1750 1774 1811 1805 vol.
1837 1774 1864 1804 3.
1888 1783 1960 1813 pag.
1984 1771 2078 1811 231).
2127 1771 2229 1803 Antea

387 1851 544 1882 nusquam
568 1839 645 1870 alibi
671 1838 732 1869 nisi
756 1837 787 1868 in
812 1835 956 1867 America
978 1835 1109 1866 inventa
1132 1836 1189 1865 est.

711 1919 1112 1961 Chi'one(Ti1noclea)
1142 1918 1389 1950 histrionica
1420 1916 1533 1948 Brod.
1559 1918 1595 1947 et
1620 1914 1715 1947 Sow.
1740 1914 1909 1955 (Venus).

593 1993 668 2018 SOW.
688 1990 764 2016 Thes.
785 1989 881 2016 Conch.
902 1988 966 2014 Tab.
988 1988 1043 2014 155,
1063 1987 1107 2020 fig.
1128 1986 1168 2012 52.

544 2053 711 2085 Hakodate
734 2053 815 2083 teste
839 2051 874 2081 A.
900 2049 1016 2081 Adams
1040 2049 1058 2079 l.
1083 2048 1102 2079 l.
1148 2047 1259 2078 Nonne
1283 2046 1419 2078 varietas
1442 2043 1680 2086 praecedentis?

806 2135 958 2166 Chione
988 2131 1168 2174 (Marcia)
1197 2130 1533 2172 quadrangularis
1563 2129 1625 2160 Ad.
1657 2131 1695 2160 et
1726 2128 1810 2160 Rve.

594 2205 656 2238 Yoy.
677 2204 826 2235 Samni-aug
846 2209 905 2235 pag.
926 2201 965 2227 79.
985 2201 1049 2226 Tab.
1069 2201 1109 2226 ⁴24.
1129 2201 1173 2233 fig.
1194 2200 1217 2225 7.

543 2265 771 2306 Archipelagus
795 2264 964 2295 Coreanus.

1036 2372 1160 2406 Genus
1184 2370 1371 2414 Cytherea
1395 2367 1589 2403 Lamarck.

873 2451 1075 2492 Cytherea
1099 2448 1324 2488 (Meretrix)
1354 2447 1505 2479 lusoria
1534 2445 1748 2478 Chemnitz.

597 2522 704 2548 Venus
729 2521 861 2546 lusoria
885 2519 1052 2553 Japouiea
1077 2517 1206 2543 Chr-mu.
1245 2515 1342 2541 Conch.
1374 2514 1436 2541 Cab.
1458 2514 1507 2540 vol.
1528 2516 1550 2540 ὕ,
1578 2521 1636 2547 pag.
1657 2513 1715 2538 337.
1742 2511 1806 2537 Tab.
1826 2509 1867 2536 32.
1893 2510 1938 2543 fig.
1957 2509 2015 2536 340.
2058 2509 2232 2542 Cytherea

647 2564 777 2590 lusoria
796 2563 879 2588 Lam.
899 2561 1000 2587 inclusa
1019 2559 1190 2593 Cytherea
1208 2559 1302 2585 fusca
1324 2558 1419 2584 Koch.
1457 2557 1525 2583 Phil.
1545 2556 1612 2583 Abb.
1632 2556 1682 2582 vol.
1703 2556 1723 2581 1.
1745 2554 1808 2580 Tab.
1827 2553 1850 2580 3.
1870 2554 1914 2586 fig.
1937 2553 1960 2579 1.

545 2626 638 2657 Plura
667 2624 839 2666 specimina
869 2623 976 2663 typica
1005 2624 1132 2652 exstant
1162 2620 1315 2661 Japonica
1346 2623 1444 2659 atque
1477 2617 1647 2649 Chinensia
1682 2616 1773 2648 valde
1806 2613 2079 2656 inaequilateralia
2112 2611 2232 2653 postice

392 2683 539 2722 elongata
562 2685 593 2713 et
615 2683 796 2717 attenuata3
827 2679 881 2711 sed
911 2678 987 2709 haec
1019 2677 1119 2708 forma
1148 2676 1277 2707 minime
1306 2678 1351 2706 est
1382 2674 1507 2705 stabilis
1539 2684 1610 2704 cum
1638 2672 1821 2713 saepissime
1853 2672 1993 2702 mutetur
2027 2669 2060 2700 in
2087 2667 2232 2700 habitum
