2317 3387
1146 345 1185 349 ,-
1231 327 1273 358 34
1317 345 1358 349 ,-

1146 415 1365 461 Nassaoea.

1001 523 1126 557 Genus
1149 523 1305 558 Eburna
1327 522 1525 558 Lamarek.

942 600 1129 631 Eburna
1164 601 1395 642 ‚Japonica
1427 601 1580 631 Reeve.

535 668 609 694 Proc.
629 667 699 694 Zool.
720 668 776 693 Soc.
800 666 872 693 1842.
892 675 954 700 pag.
975 666 1015 693 20.
1036 667 1134 694 Conch.
1155 668 1220 695 icon.
1242 667 1350 694 Eburna
1370 675 1442 702 spec.
1461 667 1484 693 3.
1521 666 1659 693 Dunker
1677 664 1749 691 Mon.
1770 665 1829 699 Jap.
1848 672 1910 699 pag.
1930 664 1954 691 8.

482 728 659 766 De-shima‚
682 727 855 767 Nagasaki,
880 728 965 758 Sado
989 730 1048 758 etc.

482 783 578 815 Plura
601 783 775 824 specimina
798 782 908 814 adulta
931 785 962 813 et
982 782 1137 823 juvenilia
1160 783 1255 814 huius
1278 782 1426 813 cochleae
1460 781 1599 821 vulgaris
1621 782 1808 820 tegumento
1833 780 1929 811 dense
1953 779 2072 810 sericeo
2095 778 2186 809 firmo

326 840 474 872 obtectae
505 839 577 870 clar.
602 838 630 869 J.
654 838 734 869 Rein
768 838 951 878 reportavit.
998 838 1044 868 De
1067 838 1171 869 incola
1203 840 1304 869 testae
1336 837 1419 869 conf.
1446 837 1482 867 A.
1508 836 1626 867 Adams
1650 836 1681 866 in
1707 836 1787 866 Ann.
1813 837 1844 866 et
1867 835 1950 875 Mag.
1976 834 2067 865 Febr.
2093 833 2185 864 1864.

329 905 401 935 pag.
427 893 498 925 142.
548 892 823 934 „Clii-Kusa-gai“
849 892 1055 932 Japanorum.

1026 1014 1151 1049 Genus
1175 1013 1274 1047 Phos
1297 1012 1492 1047 Montfort.

871 1091 985 1123 Phos
1019 1092 1288 1123 senticosus
1322 1088 1638 1130 Lin.(Mu1·ex).

534 1161 605 1194 Syst.
625 1159 690 1186 Nat.
712 1158 752 1185 ed.
774 1159 812 1184 10.
832 1167 894 1192 pag.
922 1160 978 1185 751.
1004 1158 1043 1185 ed.
1066 1159 1103 1184 1⁴2.
1123 1166 1184 1192 pag.
1214 1157 1287 1183 1220.
1338 1156 1434 1187 „Testa
1462 1156 1594 1182 ecaudata
1621 1155 1772 1181 subturrita
1803 1154 2042 1188 longitudinaliter
2070 1155 2187 1185 costam,

585 1202 760 1228 transversim
789 1202 952 1230 cancellata:
984 1205 1112 1235 apertura
1144 1201 1251 1225 striata.
1290 1199 1464 1225 ‹Jollumeliae
1484 1199 1554 1232 plica
1573 1206 1625 1224 una
1645 1198 1792 1223 alterave*
1832 1196 1995 1222 Lamarck
2026 1197 2106 1222 anim.
2125 1203 2188 1222 sans

584 1247 650 1270 vert.
671 1243 709 1269 etl.
731 1244 777 1269 alt.
798 1243 848 1268 vol.
870 1244 892 1269 9.
914 1252 975 1278 pag.
995 1245 1054 1269 406.
1091 1242 1243 1276 Sowerby
1263 1242 1341 1268 Thes.
1363 1242 1460 1268 Conch.
1480 1242 1526 1274 fig.
1546 1242 1637 1266 8—11.

483 1305 650 1345 specimen
675 1307 780 1336 exstat
803 1305 966 1344 sculptura
990 1316 1085 1344 quam
1110 1304 1189 1334 solet
1212 1303 1318 1334 minus
1342 1313 1462 1342 aspera.

961 1397 1078 1428 Phos
1114 1397 1363 1427 varicosus
1398 1395 1554 1426 Gould.

533 1465 608 1491 Proc.
641 1465 742 1490 Boston
774 1466 830 1490 Soc.
851 1465 913 1490 Nat.
934 1464 1005 1490 His-t.
1033 1464 1083 1490 vol.
1103 1463 1125 1489 3.
1147 1471 1207 1497 pag.
1230 1463 1285 1488 143.
1323 1463 1388 1489 Otia
1412 1463 1508 1489 conch.
1537 1470 1597 1496 pag.
1618 1462 1658 1488 ¹303.
1690 1461 1786 1495 lixpul.
1809 1461 1856 1487 Sh.
1877 1469 1937 1494 pag.
1961 1461 2000 1486 66.
2022 1461 2072 1486 ἴῃ.
2093 1461 2188 1486 States

585 1507 658 1541 Expl.
680 1508 741 1541 Exp.
764 1508 836 1533 Mon.
857 1516 918 1541 pag.
939 1508 996 1533 507.
1017 1506 1080 1532 Tab.
1101 1507 1141 1532 2¹¹.
1163 1508 1207 1539 fig.
1227 1506 1284 1532 3⁴50.

481 1567 554 1598 Tria
577 1568 751 1607 specimina
776 1570 905 1599 exstant
928 1568 1010 1605 alba,
1034 1567 1303 1606 fusco-variegata
1327 1566 1376 1597 vel
1400 1566 1508 1597 fasciis
1539 1565 1734 1606 rubiginosis
1769 1565 1884 1596 cincta.
1932 1564 2049 1596 Costae
2085 1563 2189 1605 longi-

328 1622 492 1653 tudinales
515 1622 760 1654 sublaincllosae
784 1634 822 1653 ex
847 1625 936 1663 parte
960 1623 1129 1653 crassiores
1154 1625 1229 1653 sunt
1253 1622 1393 1652 varicum
1418 1622 1529 1652 instar.

1004 1758 1128 1791 Genus
1153 1756 1374 1790 Desmoulea
1399 1756 1512 1800 Gray.

482 1834 568 1865 Duas
593 1835 687 1865 huius
711 1835 836 1875 generis
860 1836 981 1875 species
1004 1848 1021 1866 a
1046 1835 1158 1866 Nassis
1182 1836 1321 1875 separati
1343 1846 1383 1866 ex
1405 1835 1544 1875 Japonia
1567 1835 1728 1875 quondam
1752 1836 1863 1867 attulit
1887 1836 1958 1867 clar.
1985 1835 2128 1867 Siebold:

801 1903 1124 1934 Desmouleani
1158 1903 1436 1943 Japonicam
1470 1903 1506 1933 A.
1543 1903 1710 1934 Adams.

532 1956 606 1982 Proc.
631 1956 700 1982 2001.
723 1956 779 1982 Soc.
802 1957 874 1983 1851.
895 1966 956 1990 pag.
979 1958 1034 1983 113.
1073 1958 1181 1983 lteevc
1201 1957 1298 1983 conch.
1320 1958 1385 1983 icon.
1406 1965 1473 1990 spec.
1496 1957 1552 1982 192.
1573 1959 1600 1982 et

844 2017 1160 2049 Desmouleam
1194 2029 1394 2049 crassam
1429 2018 1463 2048 A.
1501 2017 1587 2049 Ada
1605 2029 1672 2050 ms.

532 2070 595 2097 ibid.
616 2071 656 2096 vel
677 2070 903 2105 ponderosam
931 2072 1048 2097 Reevei
1070 2071 1166 2097 Concli.
1187 2072 1252 2097 icon.
1272 2080 1341 2105 spec.
1364 2072 1428 2103 196„

326 2117 357 2148 in
383 2120 493 2149 nostra
516 2119 645 2158 quidem
680 2119 866 2150 collectione
902 2122 1037 2160 utraque
1062 2121 1182 2160 species
1208 2120 1305 2151 deest.
1352 2119 1481 2160 Species
1505 2119 1599 2151 huius
1622 2120 1747 2160 generis
1777 2120 1901 2151 circiter
1924 2122 1998 2151 octo
2022 2119 2117 2151 hodie
2140 2119 2189 2150 in-

327 2174 503 2204 notuerunt.
526 2175 681 2206 viventes.
707 2175 824 2215 pariter
849 2175 1022 2205 nonnullae
1046 2175 1170 2205 fossiles
1194 2186 1209 2205 e
1233 2175 1345 2205 tellure
1368 2175 1521 2205 tertiaria.

481 2228 528 2259 Ad
554 2240 668 2259 nomen
693 2230 875 2269 genoricum
900 2230 986 2270 quod
1010 2231 1136 2268 attinet,
1161 2233 1272 2261 auctor
1297 2233 1391 2260 antea
1415 2230 1585 2270 scripserat
1607 2230 1783 2269 Demoulia,
1803 2232 1886 2262 certe
1903 2230 2096 2262 vocabulum
2120 2240 2188 2261 cor-

325 2285 455 2324 ruptum
474 2286 509 2315 ut
525 2285 627 2315 multa
644 2285 774 2315 nomina
791 2284 938 2325 Grayana
962 2285 1185 2316 Molluscorum
1202 2286 1295 2316 testis
1314 2285 1472 2326 imposita.
1511 2285 1587 2317 Sine
1604 2286 1700 2317 (lubio
1723 2286 1959 2318 Desmoulinsia
1983 2285 2187 2317 scribendum

325 2340 384 2377 est,
409 2349 480 2370 cum
505 2339 564 2370 hoc
587 2350 688 2380 genus
713 2341 743 2370 in
770 2339 920 2371 honorem
945 2340 1017 2371 clar.
1043 2340 1246 2372 Desinoulins
1270 2341 1470 2372 nominatum
1495 2342 1546 2372 sit.

1031 2463 1156 2497 Genus
1179 2463 1298 2498 Nassa
1321 2463 1486 2498 Martini.

971 2540 1104 2571 Nassa
1132 2541 1324 2572 balteata
1354 2541 1537 2572 Lischke.

532 2605 766 2639 Jap.M.C.v01.
790 2607 810 2633 l.
830 2614 891 2640 pag.
912 2608 952 2633 61.
972 2606 1038 2633 Tab.
1057 2608 1080 2633 5.
1100 2607 1144 2641 fig.
1168 2609 1206 2634 10.
1229 2609 1336 2635 l1.nec
1355 2607 1569 2634 N.ba1teata
1596 2607 1628 2635 H.
1652 2608 1765 2635 Pease.

481 2665 567 2697 Inter
590 2667 681 2706 plura
705 2667 880 2708 specimina
902 2667 1085 2699 decolorata
1108 2671 1140 2699 et
1163 2669 1260 2700 adesa
1282 2679 1382 2699 unum
1407 2671 1515 2700 exstat
1537 2669 1785 2708 integerrimum.

479 2720 565 2752 Haec
593 2723 724 2763 species,
749 2722 833 2763 quod
857 2723 994 2762 pertinet
1018 2723 1057 2753 ad
1081 2722 1229 2754 habitum
1253 2723 1321 2764 ejus
1344 2723 1533 2764 generalem,
1568 2723 1690 2755 Nassae
1722 2723 1876 2755 mutabili
1909 2722 2045 2754 Linnaei
2068 2733 2085 2753 e
2108 2721 2189 2753 mari
