2317 3387
1174 279 1215 284 -
1264 261 1409 292 240-

375 345 552 386 -purpureis
575 347 782 376 marmoratus
805 349 837 376 et
859 356 1013 386 aspersus
1066 346 1253 387 Plerumque
1279 347 1415 378 altitudo
1443 349 1595 377 testarum
1629 346 1819 386 longitudini
1849 349 2026 388 respondet,
2054 349 2211 382 interdum

375 412 446 433 vero
469 400 603 432 altitudo
626 400 857 441 longitudinem
880 404 1021 441 superat,
1046 403 1163 444 pariter
1185 405 1342 434 costarum
1369 413 1515 433 numerus
1539 402 1667 442 paulum
1690 403 1850 434 variabilis
1873 406 1929 435 est.

526 457 550 487 A
575 456 703 487 Pectine
727 456 884 487 senatorio
908 456 984 488 haec
1007 459 1126 499 species
1149 461 1232 490 testa
1249 459 1408 499 costisque
1425 457 1633 489 crassioribus
1655 458 1733 488 satis
1750 458 1865 496 differt,
1889 459 1943 491 sed
1960 459 2075 491 Pecten
2094 461 2211 492 nobilis

374 512 487 543 Reevei
510 511 641 551 (Conch.
666 513 745 543 icon.
770 511 830 543 vol.
855 512 883 543 8.
907 524 988 553 speo.
1013 514 1055 552 3.)
1081 517 1206 545 nostrae
1230 514 1344 554 speciei
1374 517 1438 544 tam
1467 513 1574 544 affinis
1608 515 1666 550 est,
1696 515 1731 544 ut
1766 525 1836 545 eum
1870 525 1926 555 pro
1956 514 2057 546 forma
2085 518 2210 548 tantum

373 568 522 608 gigantea
546 567 684 598 Pectinis
708 568 920 599 crassicostati
945 569 1175 600 declaraverim.
1222 569 1306 600 Inter
1329 569 1500 610 specimina
1526 571 1654 599 nostrae
1677 569 1872 601 collectionis
1895 580 1993 602 unum
2017 574 2122 603 exstat
2139 582 2209 612 per-

373 633 534 663 magnum,
559 623 642 663 quod
667 635 737 655 cum
762 624 850 654 icone¹
873 623 1039 655 Reeveana
1065 625 1155 664 plane
1179 625 1324 665 congruit
1349 627 1377 655 et
1404 624 1534 655 eandem
1559 635 1685 665 quoque
1709 625 1865 665 picturam
1889 625 1989 657 offert.

526 678 603 709 Cum
627 679 808 720 specimina.
833 691 913 720 quae
936 680 968 710 in
993 680 1231 711 collectionibus
1255 683 1466 716 asservantur,
1491 680 1675 721 plerumque
1701 680 1816 712 detrita
1839 681 1904 712 sint
1920 683 1950 712 et
1969 682 2109 721 squamis
2126 681 2210 714 inte-

372 733 436 773 gris
459 737 596 772 careant,
620 734 650 765 in
675 734 795 766 Tabula
820 738 927 766 nostra
954 736 999 767 13.
1025 736 1075 775 fig.
1101 736 1149 767 28.
1175 737 1331 777 specimen
1355 737 1535 767 aui-antium
1559 735 1703 767 illaesum
1728 736 1938 776 depinximus.

886 845 1034 876 Pecten
1066 849 1289 886 squamatus
1323 846 1472 878 Gmelin
1508 846 1689 885 (Ostrea).

1112 912 1174 938 Tab.
1195 915 1285 938 nostra
1307 913 1343 938 11.
1374 914 1378 919 '
1403 935 1407 940 .
1430 915 1440 938 l
1462 935 1466 940 .

575 954 644 987 Syst.
666 954 727 980 Nat.
747 954 786 980 ed.
808 955 845 981 13.
865 955 1017 988 p·.1g.3329.
1056 955 1213 989 Sowcrby
1240 956 1316 982 Thes.
1338 914 1502 982 (lgiigchfivol.
1526 958 1546 982 l.
1573 964 1632 990 pag.
1658 957 1697 983 70.
1724 956 1787 982 'l'al).
1816 957 1853 983 13.
1879 957 1922 990 fig.
1949 957 1989 983 57.
2014 957 2054 982 53.
2098 956 2208 982 Reeve

626 997 721 1023 Conch.
742 998 806 1023 icon.
827 997 875 1023 vol.
895 998 918 1024 8.
937 1006 1004 1032 spec.
1025 998 1064 1024 82.

523 1056 650 1098 Species
675 1059 891 1098 pei-variabilis
914 1061 979 1090 tam
997 1059 1184 1091 formatione
1201 1062 1359 1091 costarum
1385 1060 1536 1100 majorum
1553 1063 1650 1100 atque
1666 1060 1832 1099 minorum,
1849 1070 1944 1100 quam
1960 1060 2078 1099 colore3
2102 1062 2209 1091 costae

369 1112 452 1144 enim
488 1113 651 1152 primariae
685 1113 755 1154 plus
784 1114 927 1146 minusve
955 1115 1172 1156 squamigerac
1201 1118 1297 1156 atque
1327 1116 1405 1146 adeo
1437 1116 1504 1147 sine
1533 1116 1598 1147 ullo
1625 1127 1827 1156 squamarum
1856 1116 1990 1156 vestigio
2018 1115 2207 1155 obveniunt3

370 1169 485 1207 pariter
507 1168 592 1200 color
615 1171 643 1200 ct
670 1170 808 1209 picturac
833 1172 942 1202 natura
968 1171 1137 1202 mutabiles
1165 1174 1247 1202 sunt.
1301 1170 1481 1212 Specimina
1508 1171 1663 1212 Japonica
1693 1182 1731 1203 ex
1759 1174 1847 1212 parte
1877 1172 1980 1203 colore
2011 1171 2207 1203 vividissimo

368 1225 524 1261 aurantio,
558 1225 702 1255 coccineo
736 1227 766 1256 et
795 1226 962 1266 sulphureo
994 1226 1179 1267 picturaque
1208 1227 1363 1258 concinna
1394 1227 1562 1258 excellunt.
1617 1227 1780 1268 Specimen
1812 1228 1991 1259 aui-antium
2024 1227 2055 1258 in
2085 1226 2207 1258 Tabula

370 1282 475 1310 nostra
499 1280 657 1321 depictum
682 1282 737 1311 cst.

1058 1376 1198 1407 Pecten
1229 1376 1380 1407 lividus
1410 1376 1506 1408 Lam.

571 1442 655 1468 Anim.
676 1450 736 1468 sans
756 1444 820 1468 vert.
841 1442 890 1468 vol.
911 1443 932 1468 7.
954 1451 1013 1476 pag.
1037 1443 1090 1469 154.

522 1502 604 1534 Haec
636 1504 754 1543 species
782 1504 981 1535 antecedenti
1014 1504 1128 1537 affinis.
1162 1516 1178 1534 a
1211 1504 1283 1535 clar.
1308 1504 1459 1545 Sowerby
1483 1504 1587 1545 (Thes.
1613 1505 1672 1536 vol.
1699 1505 1725 1535 1.
1750 1515 1820 1545 pag.
1845 1503 1909 1544 69.)
1936 1504 2118 1536 Pectinibus
2141 1504 2205 1536 sul-

367 1557 484 1597 phureo
508 1558 592 1589 Lam.
619 1561 649 1589 ot
673 1558 791 1599 Tegula.
816 1559 914 1590 Wood
938 1560 1068 1591 inclusis
1092 1562 1127 1591 ut
1151 1559 1271 1591 concha
1293 1559 1446 1600 Japonica
1472 1561 1515 1601 (et
1538 1561 1634 1592 maris
1659 1561 1755 1599 rubri)
1779 1563 1988 1592 enumeratur.
2034 1560 2068 1591 In
2098 1563 2206 1591 nostra
2226 1583 2229 1585 -

367 1613 587 1645 Molluscorum
610 1614 834 1654 «luponicorum
858 1615 936 1646 serie
960 1615 1166 1647 desideratur.

971 1727 1111 1758 pecten
1136 1727 1375 1767 irregularis
1398 1726 1598 1768 Sowerby.

1061 1794 1124 1820 Ταῦ.
1145 1797 1236 1820 nostra
1257 1797 1294 1820 11.
1314 1796 1357 1827 tig.
1378 1795 1400 1821 2.
1421 1799 1447 1820 et
1469 1796 1506 1821 15.

569 1835 645 1861 Thes.
667 1835 761 1862 t'oneli.
783 1835 830 1862 vol.
854 1837 872 1862 1.
894 1844 954 1869 pag.
975 1837 1014 1863 69.
1036 1836 1099 1863 wal».
1123 1838 1159 1863 15.
1180 1839 1223 1870 rig.
1245 1839 1283 1864 51.
1304 1838 1343 1864 52
1383 1839 1490 1864 neew-
1511 1837 1606 1864 Conch.
1627 1838 1692 1864 icon.
1714 1837 1812 1863 Pecten
1831 1837 1894 1864 Tab.
1914 1838 1936 1864 4.
1956 1838 2000 1871 fig.
2018 1838 2055 1865 19.
2071 1847 2094 1864 a.
2109 1839 2132 1865 b.
2153 1846 2204 1864 non

621 1878 649 1903 1‘.
670 1879 876 1911 irregularis
899 1879 990 1905 liust.
1012 1880 1036 1904 in
1058 1880 1188 1906 l'licmn.
1210 1881 1305 1907 ‹¹0nch.
1327 1881 1390 1907 Cab.
1410 1881 1449 1907 ed.
1470 1881 1517 1907 alt.
1538 1889 1597 1915 pag.
1619 1882 1659 1907 76.
1682 1880 1745 1907 Tab.
1767 1881 1805 1907 19.
1826 1881 1869 1915 fig.
1888 1882 1923 1912 4..
1945 1881 1989 1915 qui
2008 1880 2042 1907 ad
2067 1882 2203 1907 Pectinem

619 1922 740 1946 ornatum
761 1921 843 1947 Lam.
865 1923 993 1955 pertinet.

522 1982 698 2022 b'pecimina
724 1983 885 2024 complura
909 1984 1011 2015 colore
1028 1985 1213 2025 picturaque
1237 1985 1393 2016 variantia
1416 1987 1544 2016 exstant
1568 1985 1711 2017 iconibus
1736 1985 1954 2027 Sowerbyanis
1977 1988 2008 2017 et
2031 1986 2204 2017 Reeveanis

365 2048 403 2067 ex
427 2039 513 2076 parte
538 2038 665 2078 quidem
691 2039 921 2079 respondentia.
966 2040 1082 2071 Pecten
1107 2040 1252 2072 limatula
1275 2040 1388 2072 Reevei
1413 2040 1543 2082 (Coneli.
1569 2042 1648 2073 icon.
1673 2052 1755 2082 spec.
1783 2042 1866 2081 124.)
1892 2041 1953 2073 huc
1977 2052 2101 2082 quoque
2134 2052 2202 2082 per—

364 2093 463 2123 tinere
486 2093 618 2129 videtur,
643 2105 712 2125 cum
737 2095 818 2126 inter
840 2096 1013 2136 specimina
1034 2099 1142 2128 nostra
1166 2107 1263 2127 unum
1289 2097 1371 2128 iconi
1396 2097 1511 2129 citatae
1534 2098 1734 2138 respondeat.
1781 2097 1947 2138 Speoimen
1964 2097 2097 2129 alterum
2112 2097 2202 2137 juve-

364 2148 427 2178 nile
450 2148 553 2180 colore
576 2150 744 2190 sulphur-vo
768 2151 962 2191 maculisque
985 2152 1169 2191 sanguineis
1194 2152 1276 2183 inter
1301 2155 1406 2184 costas
1430 2153 1594 2193 primarias
1618 2154 1741 2194 insigne
1764 2156 1822 2186 est.

945 2263 1090 2295 Pectcn
1120 2264 1409 2305 quadriliratus
1437 2265 1626 2297 Lischke.

568 2328 663 2354 Malak.
685 2329 723 2355 Bl.
746 2331 816 2356 1870.
836 2339 896 2364 pag.
915 2331 955 2357 29.
991 2331 1050 2365 Jap.
1072 2331 1104 2357 M.
1125 2331 1220 2358 Concb.
1241 2332 1289 2358 vol.
1310 2333 1331 2358 2.
1353 2340 1412 2366 pag.
1435 2332 1488 2358 158.
1510 2332 1573 2359 Tab.
1595 2333 1620 2358 9.
1640 2333 1685 2366 fig.
1706 2334 1728 2358 5.
1748 2335 1771 2359 6.

516 2388 686 2430 Nagasaki.

1030 2486 1174 2518 Pecten
1203 2488 1346 2519 similis
1376 2489 1535 2530 Laskey.

566 2551 642 2576 Mem.
663 2550 762 2577 Wern.
784 2553 840 2577 Soc.
862 2553 881 2578 l.
903 2561 963 2586 pag.
981 2553 1039 2578 387.
1061 2553 1124 2579 Tab.
1145 2554 1167 2580 S.
1188 2555 1231 2588 fig.
1252 2555 1275 2581 8.
1326 2555 1349 2582 .Ῐ.
1370 2557 1400 2582 G.
1420 2556 1568 2590 Jeffreys
1593 2557 1687 2583 Notice
1712 2556 1738 2583 of
1762 2556 1848 2583 Shells
1873 2555 1991 2590 dredged
2014 2558 2048 2592 by
2071 2556 2133 2590 Cap.
2159 2555 2198 2581 St-

617 2593 685 2619 John
705 2594 729 2619 in
752 2594 834 2620 Korea
855 2594 940 2621 Strait
962 2595 1020 2621 Lin
1033 2604 1056 2622 n.
1077 2598 1134 2623 Soc.
1153 2597 1244 2624 Journ.
1265 2598 1314 2625 vol.
1336 2599 1376 2625 14.

516 2652 642 2685 Fretum
666 2654 849 2687 Coreanum.
