2317 3387
1182 246 1413 278 -234—

380 331 484 370 planis
506 329 692 370 aequalibus
727 330 927 363 laeviusculis
958 331 1094 370 36—38,
1117 331 1297 364 interstitiis
1331 332 1495 364 latioribus
1524 332 1696 370 instructo-3
1727 333 1881 364 umbones
1903 332 1994 364 valde
2016 333 2118 364 inflati
2142 343 2212 373 pro-

384 386 540 417 minentes
563 397 670 427 parum
700 386 782 417 inter
797 397 830 417 se
847 386 1012 425 distantes,
1036 387 1142 418 carina
1157 387 1372 427 obtusangula
1388 388 1427 418 ad
1444 387 1527 418 latus
1543 387 1697 427 posticum
1715 388 1864 429 utrinque
1881 388 2064 420 decurrente
2080 388 2212 428 signati;

383 442 467 472 color
491 444 640 472 externus
663 444 693 472 et
718 442 860 473 internus
884 441 1019 481 lacteus;
1049 443 1216 484 epidermis
1240 442 1327 474 fusca
1351 443 1465 479 tenuis,
1497 443 1528 473 iu
1552 443 1732 474 interstitiis
1754 443 1915 476 lamellosa
1938 446 1968 475 et
1991 446 2111 474 setosa:
2141 454 2212 474 area

382 496 544 537 ligainenti
568 497 732 537 profunda.
757 514 795 519 —
822 497 919 538 Long.
943 498 1071 529 80—84
1095 498 1170 529 mill.
1217 498 1314 538 Long.
1339 498 1392 529 alt.
1418 501 1449 528 et
1474 498 1554 529 latit.
1579 499 1660 530 ratio
1676 499 1814 530 numeris
1834 499 1903 533 100,
1927 499 2063 533 78—80,
2087 498 2212 529 7‘2—74

381 552 557 594 respondet.

534 607 715 648 Specimina
737 610 855 648 septem
880 607 972 648 plane
995 608 1105 640 adulta
1128 608 1169 640 ad
1193 609 1293 640 Tokio
1317 608 1421 649 (Jedo)
1445 609 1525 641 lecta
1548 613 1676 640 exstant
1704 610 1852 642 omnibus
1882 610 1966 641 notis
1997 610 2210 650 congruentia.

534 663 617 694 Haec
640 663 760 704 species
783 663 904 695 ratione
927 664 1063 705 qtradam
1087 664 1283 705 Scapharcae
1307 665 1434 696 inflatae
1459 665 1570 696 Reevei
1594 665 1709 704 affinis,
1732 668 1815 697 testa
1839 666 1938 697 multo
1955 665 2101 697 solidiore
2117 668 2213 706 atque

384 719 462 749 adeo
485 719 662 753 tumidiore.
686 719 791 750 minus
814 719 942 760 obliqua
967 719 1209 761 interstitiisque
1234 724 1391 752 costarum
1415 721 1654 761 angustioribus
1677 724 1859 752 constanter
1881 721 1993 752 differt.

535 774 744 806 Deuoniinata
768 779 815 805 est.
839 775 869 805 in
894 774 1043 806 honorem
1068 776 1139 807 clar.
1164 776 1198 807 E.
1222 775 1340 810 Satow,
1365 777 1418 816 qui
1443 787 1510 807 eam
1536 777 1630 808 misit.

534 830 568 861 lu
593 830 670 861 urbe
694 829 794 861 Tokio
818 840 888 862 cum
913 831 1119 863 antecedente
1141 832 1180 863 ad
1204 835 1376 863 mercatum
1401 832 1486 862 venit
1509 835 1544 862 ut
1568 832 1660 864 cibus
1683 833 1789 873 magni
1813 833 2008 864 aestimatus.

875 927 1101 970 Scapharca
1130 929 1369 961 subcrenata
1397 929 1570 962 Lischke.
1599 930 1733 972 (Arca).

590 1004 686 1030 Malak.
707 1003 746 1030 Bl.
766 1004 816 1030 rol.
838 1005 875 1030 16.
896 1012 956 1038 pag.
982 1005 1036 1031 107.
1073 1005 1132 1039 Jap.
1152 1005 1185 1031 M.
1206 1004 1300 1031 Concu.
1322 1006 1370 1031 vol.
1393 1007 1413 1032 1.
1433 1014 1493 1040 pag.
1516 1007 1570 1033 148.
1591 1006 1655 1033 Tab.
1674 1006 1698 1033 9.
1717 1008 1762 1040 fig.
1783 1008 1804 1032 l.
1824 1006 1847 1032 2.
1866 1007 1889 1032 3,

533 1074 712 1114 Specimina
735 1074 895 1116 complura
918 1075 1040 1106 minora
1062 1078 1093 1107 et
1116 1075 1225 1107 adulta
1248 1075 1329 1107 lecta
1351 1078 1435 1107 sunt.
1481 1075 1646 1117 Specimen
1675 1087 1773 1108 unum
1806 1087 2010 1118 permagnum
2030 1076 2095 1117 jam
2119 1077 2213 1107 antea

380 1133 554 1171 acceptum,
579 1133 626 1161 est
649 1129 802 1170 originale
824 1130 925 1162 iconis
947 1131 1086 1171 optimae
1108 1141 1204 1172 supra
1226 1131 1351 1168 citatae,
1380 1131 1434 1163 sed
1464 1131 1643 1164 addendum
1672 1135 1720 1163 est
1748 1131 1807 1163 hoe
1836 1132 1994 1172 exemplar
2024 1131 2217 1171 epidermide

383 1186 471 1217 fusca
495 1186 543 1217 vel
566 1185 705 1217 olivacea
729 1185 889 1217 lamellosa
913 1186 944 1217 in
969 1186 1065 1218 sulcis
1087 1187 1222 1227 setigera
1244 1186 1391 1218 orbatum
1414 1197 1490 1218 esse.

536 1241 618 1273 Haec
642 1242 762 1282 species
785 1241 907 1273 ambitu
930 1242 1092 1274 variabilis
1115 1245 1181 1281 est;
1205 1242 1359 1274 umbones
1382 1242 1452 1283 plus
1474 1242 1522 1274 vel
1545 1243 1651 1274 minus
1675 1243 1831 1274 distantes
1854 1243 2067 1274 inveniuntur.

918 1340 1142 1382 Scapharca
1170 1340 1359 1381 ambigua
1390 1340 1518 1372 Reeve
1548 1341 1682 1380 (Arca).

585 1415 659 1442 Proc.
679 1415 747 1441 Zool.
767 1416 824 1442 Soc.
846 1416 917 1442 13⁴4.
954 1415 1050 1443 Conch.
1070 1417 1134 1442 icon.
1156 1417 1223 1442 Arca
1242 1425 1312 1450 spe-³.
1333 1417 1372 1443 65.

536 1484 664 1526 Species
687 1485 883 1526 Scapharcae
905 1485 1038 1517 cistulae
1061 1485 1174 1517 Reevei
1197 1491 1342 1526 cognata,
1366 1487 1406 1518 ad
1429 1485 1607 1518 ,lokohama
1628 1489 1752 1527 reperta
1775 1490 1831 1518 est.

535 1540 699 1582 Specimen
723 1542 827 1573 minus
850 1544 964 1573 exstat.

913 1639 1136 1681 Scapharca
1168 1641 1367 1682 Japonica
1397 1640 1521 1672 Reeve
1553 1641 1686 1682 (Area).

586 1715 661 1741 Proe.
682 1715 750 1741 Zool.
771 1715 827 1741 Soc.
849 1715 921 1742 1844.
959 1715 1054 1743 Conch.
1074 1717 1139 1744 icon.
1160 1717 1228 1743 Arca
1245 1724 1313 1751 spec.
1333 1716 1372 1743 32.

534 1784 661 1825 Species
683 1787 764 1816 testa
789 1785 943 1825 singulari
966 1786 1115 1827 utrinque
1139 1786 1311 1818 rotundata
1335 1787 1424 1818 valde
1447 1787 1675 1828 inaequilatera
1698 1788 1841 1828 insignis.

535 1841 624 1872 Litus
646 1840 844 1882 Japonieum.
890 1840 1028 1873 Siebold.

1003 1939 1239 1981 Scapharca
1261 1940 1477 1973 Troscheli
1506 1941 1594 1972 Dkr.

772 2015 836 2042 Tabt
855 2019 946 2042 nostra
966 2017 1004 2042 14.
1024 2015 1067 2050 fig.
1090 2017 1127 2043 Η.
1147 2025 1162 2042 a
1181 2017 1266 2043 latere
1283 2017 1394 2044 sinistro
1411 2017 1455 2051 fig.
1477 2018 1516 2044 15.
1535 2025 1550 2043 a
1569 2017 1654 2043 latere
1672 2016 1742 2043 dorsi
1761 2017 1826 2043 visa.

534 2085 628 2117 Testa
651 2085 785 2117 solidula
808 2086 956 2127 oblonga,
979 2087 1084 2118 antice
1106 2087 1287 2125 rotundatu,
1310 2088 1431 2128 postice
1456 2087 1675 2126 subtruueata,
1698 2087 1864 2120 tumidula,
1891 2098 2023 2128 superne
2051 2086 2214 2128 angulata,

382 2142 478 2174 costis
501 2142 541 2173 24
565 2153 663 2182 paene
693 2141 878 2182 aequalibus
908 2142 1087 2174 rotundatis
1117 2143 1262 2183 angustis
1290 2143 1475 2184 regulariter
1505 2143 1650 2184 granosis
1678 2143 1768 2183 quasi
1797 2143 2012 2182 margaritatis
2042 2143 2213 2179 instructa;

381 2198 548 2239 epidermis
571 2197 658 2228 fusca
681 2197 712 2228 iu
736 2197 917 2229 interstitiis
940 2198 1037 2229 costis
1060 2198 1122 2230 illis
1145 2198 1240 2241 duplo
1264 2198 1328 2230 fere
1350 2199 1516 2230 latioribus
1539 2198 1715 2236 lamellosa;
1743 2197 1898 2230 umbones
1921 2200 2100 2230 antrorsum
2122 2198 2214 2230 incli-

382 2255 448 2285 nati
470 2253 595 2291 tumidi,
617 2264 727 2294 parum
751 2253 916 2291 distantes,
933 2254 1020 2286 sulco
1036 2254 1097 2285 levi
1113 2250 1258 2286 me‘diano
1275 2255 1429 2295 insigniti.
1475 2253 1577 2286 Cardo
1593 2253 1852 2285 multidentatus:
1875 2253 2083 2294 ligamentum
2109 2264 2213 2286 aream

381 2310 465 2341 dorsi
488 2312 589 2341 totam
612 2320 674 2340 non
699 2320 872 2350 occupans:
897 2310 980 2341 color
1003 2314 1153 2342 externus
1175 2313 1206 2342 et
1230 2310 1374 2342 internus
1396 2311 1496 2343 albus.
1521 2327 1561 2332 —
1585 2309 1709 2350 Longit.
1732 2312 1835 2341 testae
1858 2309 1899 2340 22
1914 2309 1989 2341 mill.
2035 2309 2134 2350 Long.
2158 2309 2212 2341 alt.

381 2368 411 2397 et
436 2376 529 2397 crass.
554 2365 634 2396 ratio
659 2364 721 2396 fere
744 2364 821 2396 llaec
845 2369 910 2397 est:
936 2365 1006 2404 100,
1029 2366 1080 2405 65,
1103 2367 1153 2397 ὁὶ),

534 2421 604 2452 Duo
627 2420 817 2462 exemplaria
841 2421 933 2462 plane
958 2422 1165 2462 congruentia
1181 2422 1262 2454 inter
1277 2422 1430 2454 mollusea
1446 2426 1554 2454 nostra
1570 2421 1724 2463 Japoniea
1740 2424 1878 2458 exstant,
1902 2422 1970 2453 sine
1986 2424 2070 2452 certa
2087 2421 2212 2462 quidem

382 2477 442 2509 loci
466 2477 582 2508 natalis
606 2477 806 2508 indicatione.

533 2532 618 2564 Haec
641 2533 760 2573 species
782 2533 882 2574 primo
905 2532 1020 2564 obtutu
1044 2533 1135 2564 facile
1158 2543 1229 2564 cum
1252 2532 1515 2564 Anomaloeardia
1530 2531 1685 2573 pulchella
1709 2532 1896 2563 commutari
1913 2535 2027 2572 potest,
2050 2531 2104 2563 sed
2120 2541 2213 2564 aceu-

382 2589 483 2620 ratius
507 2591 649 2629 spectata
673 2591 829 2620 costarum
854 2591 1012 2620 structura
1035 2593 1066 2620 et
1089 2589 1194 2620 indole
1217 2588 1335 2627 differt3
1358 2591 1518 2630 praeterea
1540 2588 1684 2619 valvulae
1707 2588 1842 2628 impares
1863 2590 1947 2619 sunt.

535 2645 642 2676 Amico
665 2643 812 2676 Troschel
836 2644 967 2685 zoologo
990 2644 1150 2676 Bonnensi
1172 2644 1277 2676 dicata
1299 2647 1348 2676 est
1371 2644 1447 2676 haec
1469 2643 1590 2676 concha
1612 2654 1709 2684 parva
1731 2643 1786 2674 sed
1809 2643 1954 2684 insignis.
