2317 3387
1116 234 1350 266 —260—

307 318 362 350 sed
392 317 502 349 formis
533 317 686 358 pervariis
711 317 777 357 jam
807 317 839 348 in
871 318 981 349 stratis
1008 319 1110 350 terrae
1141 320 1284 359 antiquis
1315 331 1353 350 ex
1377 330 1422 360 gr.
1447 320 1478 351 in
1503 320 1589 352 calce
1613 320 1811 353 carbonifera
1838 321 1898 354 hoc
1921 332 2022 363 genus
2044 333 2168 364 reprae-

307 374 469 405 sentatum
493 375 549 404 est.
596 371 848 404 Pleurotomaria
882 383 1021 404 concava
1056 373 1149 405 Desh.
1185 374 1398 414 (Description
1428 375 1483 406 des
1514 375 1675 416 Coquilles
1707 376 1831 409 fossiles
1862 377 1917 409 des
1950 378 2100 410 environs
2129 378 2168 410 de

308 428 398 460 Paris
420 428 481 459 vol.
506 427 534 458 2.
559 437 631 468 pag.
657 427 727 458 246.
754 427 832 459 Tab.
858 427 908 459 32.
942 429 993 468 fig.
1021 430 1046 459 1.
1073 428 1101 459 2.
1125 428 1168 468 3.)
1202 430 1270 460 sine
1299 429 1396 461 dubio
1428 440 1499 461 cum
1529 430 1658 462 cochlea
1687 433 1797 463 nostra
1826 435 1965 473 cognata
1995 435 2054 471 est,
2087 443 2168 474 quae

310 494 384 516 vero
408 484 596 515 commutari
620 493 683 514 non
708 482 803 514 debet
826 493 896 514 cum
921 483 968 514 Pl.
992 494 1133 515 concava
1156 484 1310 516 Miinsteri
1335 485 1439 525 specie
1463 485 1555 516 valde
1578 485 1691 518 aliena.

465 537 722 570 Stomatellaceis
745 537 914 569 inserenda
936 541 994 569 est.

1166 631 1308 665 Pag.147.

932 690 1120 723 Haliotis
1154 692 1357 732 gigantea
1390 692 1548 724 Chemn.

465 758 514 789 Ad
538 758 621 789 hanc
645 758 782 798 speciem
815 758 881 798 jam
917 760 1013 789 antea
1046 760 1218 790 tractatam
1249 760 1430 791 addendum
1462 763 1510 792 est
1540 760 1614 792 clar.
1649 760 1687 792 de
1710 760 1873 793 Schrenck
1905 762 2001 793 etiam
2026 761 2168 794 Haliotin

312 813 487 854 aquatilem
510 812 626 845 Reevei
651 812 782 854 (conch.
807 814 889 845 icon.
914 824 996 854 spec.
1014 813 1069 853 54)
1093 824 1149 854 pro
1173 815 1327 846 varietate
1349 814 1474 854 habere,
1499 816 1584 856 quod
1607 815 1685 848 mihi
1708 827 1836 857 quoque
1858 827 2044 857 persuasum
2067 819 2125 849 est.

1171 906 1238 939 Pag.
1260 907 1316 933 160.

958 966 1138 997 Actaeon
1174 967 1402 1007 giganteus
1434 967 1523 999 Dkr.

464 1033 551 1064 Haec
588 1033 718 1065 cochlea
752 1033 847 1074 plane
882 1034 1031 1065 convenit
1063 1044 1134 1065 cum
1169 1034 1330 1066 Actaeone
1364 1035 1486 1067 Dianae
1517 1035 1552 1066 A.
1578 1035 1697 1068 Aclams
1729 1036 1833 1077 (Proc.
1865 1036 1952 1068 Zool.
1978 1035 2049 1068 Soc.
2076 1035 2169 1067 1854.

308 1098 380 1130 pag.
404 1088 455 1120 59.
501 1088 606 1119 Reeve
640 1088 759 1120 Conch.
797 1089 877 1120 icon.
911 1088 1094 1120 Tornatella
1125 1089 1203 1120 Tab.
1234 1090 1264 1120 4.
1300 1090 1352 1130 fig.
1388 1091 1428 1121 19
1459 1102 1486 1122 a.
1511 1091 1556 1131 b.)
1587 1091 1673 1131 quod
1703 1092 1849 1124 omisisse
1875 1091 1954 1123 mihi
1987 1091 2082 1128 dolet,
2114 1091 2169 1122 sed

310 1144 480 1184 descriptio
504 1146 536 1175 et
559 1144 667 1175 icones
691 1145 858 1176 accuratae
882 1144 901 1175 1.
926 1155 951 1175 c.
977 1145 1130 1185 repetitae
1153 1144 1238 1176 haud
1263 1146 1440 1186 superfluae
1463 1148 1565 1178 erunt.

1163 1237 1230 1270 Pag.
1253 1238 1308 1264 169.

1127 1296 1346 1329 Umbrella.

466 1366 546 1398 Clar.
573 1365 607 1396 P.
632 1365 666 1396 P.
692 1364 865 1405 Car-penter
889 1365 972 1396 inter
994 1364 1149 1396 Mollusca
1171 1366 1325 1397 nonnulla
1349 1377 1433 1398 nova
1456 1367 1546 1398 sinus
1570 1366 1779 1398 Panamensis
1810 1366 1843 1397 in
1867 1366 1956 1398 Proc.
1981 1365 2068 1398 Zool.
2095 1364 2167 1397 Soc.

309 1423 403 1455 1856.
427 1433 499 1464 pag.
525 1421 597 1453 161.
643 1420 824 1452 Umbrellae
847 1420 983 1461 speciem
1007 1421 1136 1452 nomine
1163 1421 1337 1461 „ovalis“
1365 1421 1542 1462 descripsit,
1559 1432 1641 1462 quae
1657 1421 1833 1453 secundum
1849 1421 2011 1462 exemplar
2032 1421 2171 1461 primum

309 1478 506 1510 collectionis
529 1476 762 1517 Cumingianae
785 1475 819 1506 in
844 1474 1106 1516 Conchyliologia
1129 1476 1253 1508 iconica
1275 1476 1327 1517 fig.
1352 1476 1372 1508 3
1395 1477 1556 1508 delineata
1580 1479 1638 1514 est,
1662 1477 1718 1508 sed
1740 1477 1910 1509 discrimen
1934 1476 2065 1517 gravius
2087 1476 2172 1508 inter

308 1533 393 1566 hanc
415 1535 533 1565 testam
565 1534 598 1564 et
629 1531 826 1564 Umbrellam
860 1531 1002 1562 Indicam
1038 1533 1172 1572 excepta
1204 1531 1305 1563 forma
1339 1533 1460 1564 minore
1490 1532 1632 1564 invenire
1659 1542 1724 1564 non
1754 1542 1894 1573 possum.
1941 1531 2023 1563 Clar.
2058 1533 2171 1563 auctor

309 1589 438 1630 quidem
469 1590 571 1629 urget,
603 1587 780 1628 marginem
811 1597 875 1617 non
907 1586 1100 1618 undulatum
1130 1597 1208 1625 esse,
1239 1588 1293 1618 secl
1324 1587 1384 1619 hac
1413 1587 1537 1619 ratione
1560 1587 1723 1619 Umbrella
1753 1587 1864 1620 Indica
1888 1587 2011 1619 variare
2033 1587 2169 1619 videtur.

308 1645 379 1676 Nisi
398 1644 480 1676 forte
502 1644 644 1675 incertus
667 1653 743 1674 sane
763 1642 862 1673 mirus
885 1643 933 1673 est
956 1641 1052 1673 huius
1074 1643 1177 1674 testae
1200 1642 1290 1674 locus
1313 1643 1439 1674 natalis.

468 1729 554 1760 Inter
579 1728 796 1760 Umbrellacea
819 1730 850 1759 et
866 1727 1068 1768 Heteropoda
1091 1728 1438 1760 Nudibranchiatorum
1461 1738 1578 1768 genera
1595 1727 1858 1769 Doriprismatica
1874 1727 1949 1760 Orb.
1967 1726 2173 1767 (Goniodoris

311 1785 336 1816 F
339 1784 444 1825 orbes)
469 1787 501 1816 et
525 1783 714 1824 Coryphella
738 1782 823 1824 Gray
845 1784 964 1815 omissa.
986 1785 1078 1815 sunt:

837 1851 1196 1892 Doriprismatica
1229 1851 1382 1883 festiva
1415 1851 1451 1882 A.
1486 1851 1645 1883 Adams.

517 1919 584 1945 Ann.
606 1917 658 1944 and
678 1918 750 1951 Mag.
770 1918 836 1945 Nat.
855 1917 926 1944 Hist.
946 1918 1015 1951 Aug.
1038 1917 1111 1944 1861.
1131 1926 1194 1951 pag.
1216 1918 1274 1944 140.

466 1978 661 2011 Tsu-shima.

902 2053 1154 2095 Coryphella
1186 2053 1321 2085 Alderi
1355 2053 1391 2084 A.
1423 2053 1580 2085 Adams.

517 2110 534 2136 l.
554 2118 576 2136 c.
595 2117 658 2143 pag.
680 2109 736 2135 140.

466 2165 556 2204 Jedo,
579 2166 612 2197 in
636 2165 784 2197 Zosteris.

1166 2252 1232 2285 Pag.
1255 2251 1312 2277 171.

920 2311 1044 2345 Genus
1067 2310 1348 2346 Gastrochaena
1372 2309 1569 2353 Spengler.

892 2387 1213 2420 Gastrochaena
1245 2389 1392 2420 mumia
1425 2387 1591 2429 Spengl.

519 2457 586 2482 Now
611 2457 671 2482 Aet.
692 2456 759 2483 Dan.
783 2455 833 2482 vol.
853 2455 877 2482 2.
896 2462 958 2489 pag.
983 2456 1040 2482 174.
1063 2455 1109 2489 fig.
1130 2456 1204 2481 1-7.
1240 2455 1377 2481 Chaena
1396 2455 1491 2481 Retz.
1520 2454 1572 2481 Cfr.
1593 2454 1677 2481 Lam.
1697 2454 1777 2480 anim.
1797 2461 1859 2480 sans
1882 2455 1952 2480 vert.
1971 2452 2013 2479 ed.
2032 2451 2059 2479 2.
2077 2452 2128 2479 vol.
2148 2452 2171 2479 6.

570 2507 632 2533 pag.
651 2499 691 2525 30.
718 2498 902 2525 Fistulana
927 2498 1036 2524 clava.

468 2559 636 2600 Specimen
660 2559 841 2591 dil-'fractum
864 2558 964 2590 adest.

469 2614 555 2646 Mare
578 2615 779 2655 Japonicum,
803 2613 926 2645 insulae
949 2613 1160 2654 Philippinae.
