2317 3387
1172 260 1405 291 —194—

533 348 626 379 Plura
649 347 821 387 specimina
845 349 973 377 exstant
996 349 1106 378 exacte
1129 346 1335 386 congruentia
1361 346 1483 377 16—17
1507 346 1583 377 mill.
1609 347 1711 387 longa.

532 403 621 434 Hanc
645 402 779 443 speciem
803 402 874 433 clar.
899 401 1034 433 Lischke
1057 402 1075 433 l.
1101 413 1125 433 e.
1155 412 1209 442 pro
1234 402 1359 432 Donace
1390 401 1507 441 Dysoni
1540 402 1706 440 tractavit3
1740 403 1772 433 in
1806 402 2064 444 Conchyliologia
2093 405 2214 437 iconica

377 463 407 491 et
432 461 462 490 in
488 459 648 490 Thesauro
673 457 914 498 Concliyliorum
939 457 1142 488 desideratur.
2075 454 2077 457 '

529 515 648 546 Donaci
681 513 868 553 Saigonensi
903 512 1014 544 Crosse
1048 513 1169 553 (Journ.
1206 512 1243 543 de
1275 512 1390 543 Conch.
1424 512 1513 543 1864.
1542 523 1612 552 pag.
1644 512 1715 544 323.
1744 513 1820 545 Tab.
1852 514 1899 545 13.
1923 515 1974 555 fig.
2005 515 2046 554 7.)
2070 520 2212 556 respectu

377 572 487 603 habito
519 571 697 610 sculpturae
728 569 854 608 quidem
885 568 991 599 affinis
1020 571 1078 606 est,
1109 569 1163 599 sed
1195 570 1278 599 testa
1308 567 1448 598 breviore
1476 568 1764 608 trigono-cuneata,
1794 570 1898 601 antice
1922 571 2023 611 magis
2047 573 2214 603 attenuata

377 629 510 666 totoque
539 625 661 657 ambitu
684 625 786 655 alieno
810 624 922 655 differt.
967 623 1089 655 Pariter
1112 623 1223 655 Donax
1255 623 1374 663 Dysoni
1403 622 1495 654 Desh.
1529 623 1629 660 (PrOC.
1666 624 1750 656 Zool.
1787 623 1856 656 Soc.
1894 625 1984 657 1854.
2022 637 2091 667 pag.
2127 626 2212 667 353.)

378 682 533 714 ambitum
569 681 657 712 offert
689 680 826 711 alienum
862 682 891 710 et
925 679 1118 720 sculpturam
1153 679 1296 719 quamvis
1329 678 1462 710 similem
1493 680 1597 710 tamen
1629 679 1793 711 diversam.
1840 679 1920 712 Clar.
1954 681 2102 722 Sowerby
2131 682 2212 713 hanc

376 738 512 778 speeiem
535 748 605 768 cum
630 736 756 768 Donace
780 736 944 766 incarnato
968 734 1097 766 Chemn.
1122 734 1298 774 conjunxit,
1322 734 1407 774 quod
1431 734 1709 774 comprobaverim.

1052 836 1194 867 Donax
1217 835 1380 867 bicolor
1403 835 1524 868 Gmel.

581 907 651 940 Syst.
671 906 734 931 Nat.
754 913 813 939 pag.
829 905 903 931 3265.
940 904 1100 930 Lamarck
1121 903 1207 929 Anim.
1226 911 1287 928 sans
1306 905 1372 929 vert.
1391 902 1431 929 ed.
1451 903 1473 930 2.
1493 904 1543 930 vol.
1564 905 1586 930 6.
1607 912 1667 938 pag⁴
1687 905 1745 931 243.
1783 906 1890 932 Reeve
1918 906 2013 933 Conch.
2034 907 2099 933 icon.
2123 907 2213 933 Donax

630 957 698 983 spec.
718 948 757 974 28.

530 1010 696 1052 Specimen
722 1009 1000 1041 fusco-violaceum
1024 1010 1137 1039 exstat..
1185 1006 1233 1038 Ad
1258 1006 1397 1038 Latonas
1422 1007 1645 1040 Sehumacheri
1669 1010 1816 1050 pertinet.

1098 1164 1481 1212 Sorobiculariaoea.

997 1275 1121 1309 Genus
1143 1274 1352 1318 Leptomya
1374 1274 1418 1308 A.
1438 1274 1588 1309 Adams.

855 1353 1078 1394 Leptomya
1105 1353 1338 1385 cochlearis
1366 1353 1508 1385 Hinds.
1540 1352 1734 1394 (Neaera).

578 1421 652 1448 Proc.
672 1422 740 1448 Zool.
761 1422 816 1448 Soc.
840 1422 910 1448 184⁴.
930 1430 990 1455 pag.
1009 1421 1050 1447 98.
1087 1422 1116 1447 A.
1137 1420 1258 1447 Adams
1277 1421 1302 1446 in
1323 1421 1390 1447 Ann.
1410 1420 1462 1446 aud
1482 1421 1552 1454 Mag.
1574 1424 1623 1447 etc.
1643 1421 1722 1447 Mart.
1745 1421 1817 1447 1864.
1839 1429 1899 1455 pag.
1918 1421 1976 1447 208.

532 1482 624 1521 Goto,
649 1482 829 1514 Seto-Uchi.

1000 1568 1222 1609 Leptomya
1251 1568 1412 1599 adunca
1443 1566 1583 1599 Gould.

579 1644 844 1671 Scrobicularia
863 1643 972 1678 (Capsa)
991 1644 1120 1670 adunca
1144 1643 1247 1669 Gould
1267 1642 1331 1669 Otia
1350 1642 1597 1677 coneh.pag.167.
1633 1642 1663 1669 A.
1683 1641 1809 1668 Adams
1829 1642 1845 1668 l.
1865 1650 1885 1668 c.

527 1705 717 1737 Tsu-shima.

978 1815 1102 1849 Genus
1124 1814 1239 1849 Jaera
1261 1813 1305 1848 Η.
1328 1815 1366 1848 et
1388 1813 1432 1848 A.
1454 1813 1604 1848 Adams.

995 1894 1117 1925 Jacra
1138 1893 1342 1934 Japonica
1366 1892 1401 1924 A.
1426 1893 1583 1924 Adams.

578 1962 644 1987 Anii.
665 1961 717 1987 and
736 1962 806 1994 Mag.
828 1961 892 1987 Nat.
912 1961 982 1987 Hist.
1002 1962 1063 1995 Apr.
1085 1961 1159 1987 1864.
1178 1969 1238 1995 pag.
1258 1960 1315 1987 303.

526 2023 774 2055 Oki-no-shima.

528 2080 611 2110 Haec
633 2081 664 2109 et
691 2078 784 2109 Jacra
812 2077 1044 2118 Seycliellarum
1076 2077 1111 2108 A.
1144 2077 1262 2108 Adams
1293 2077 1384 2117 (Gen.
1415 2077 1448 2109 of
1476 2088 1534 2108 rec.
1566 2076 1651 2108 Moll.
1682 2077 1742 2108 vol.
1775 2077 1803 2107 2.
1835 2087 1906 2117 pag.
1938 2075 2013 2115 409)
2048 2075 2211 2117 hueusque

372 2138 457 2170 solae
480 2137 693 2167 innotuerunt.

1006 2247 1130 2282 Genus
1152 2247 1294 2282 Semele
1316 2247 1573 2282 Schumache1·.

809 2335 966 2367 Semele
996 2335 1223 2366 Zebuensis
1254 2335 1413 2376 Hanley
1444 2333 1767 2375 (Amphidesma).

578 2404 680 2430 Illustr.
706 2404 765 2429 Cat.
791 2403 818 2428 of
839 2411 888 2429 rec.
914 2402 1001 2429 Shells
1026 2402 1089 2428 Tab.
1111 2403 1149 2429 12.
1169 2403 1212 2435 fig.
1233 2403 1254 2428 7.
1293 2402 1400 2428 Reeve
1424 2402 1520 2428 Conch.
1547 2402 1612 2428 icon.
1638 2401 1687 2427 vol.
1712 2401 1735 2428 8.
1773 2400 1965 2435 Amphidesma
1983 2408 2050 2435 spec.
2072 2400 2111 2427 25.
2149 2400 2211 2433 (Se-

630 2446 738 2473 melen
757 2446 950 2479 gratiosam
970 2446 1000 2472 A.
1021 2445 1174 2471 Adamsii
1193 2445 1255 2472 clar.
1276 2445 1383 2470 Reeve
1402 2453 1449 2479 pro
1467 2444 1559 2470 eadem
1578 2444 1677 2470 concha
1695 2443 1797 2477 habet.)

527 2507 654 2548 Species
684 2507 784 2538 forma
814 2507 1063 2547 oblongo-ovata
1097 2506 1388 2547 compressiuscula‚
1419 2506 1657 2547 inaequilatera,
1687 2507 1776 2546 parte
1807 2504 1914 2536 antica
1942 2503 2033 2535 valde
2057 2503 2211 2544 producta

372 2564 533 2604 costisque
564 2563 771 2595 concentrieis
802 2563 907 2594 densis
938 2562 1210 2594 lamelliformibus
1233 2572 1291 2593 nec
1313 2572 1377 2593 non
1401 2561 1581 2593 interstitiis
1610 2561 1822 2593 minutissime
1853 2560 2063 2601 radiatimque
2086 2559 2208 2591 striatis

373 2620 432 2651 sub
456 2620 537 2651 vitro
560 2622 686 2650 tantum
709 2619 888 2660 conspicuis
912 2618 991 2649 bene
1014 2618 1188 2658 designata.

526 2675 595 2707 Duo
619 2676 791 2715 specimina
815 2677 943 2707 exstant.
966 2674 1120 2714 aequalia.
