2379 3382
919 242 1154 273 —261-

972 326 1038 359 Pag.
1060 326 1117 352 176.

752 382 980 422 Panopaea
1013 382 1175 422 plicata
1209 382 1329 414 Mont.

310 449 412 476 Jeffr.
442 449 508 475 Brit.
534 450 631 476 Conch.
652 450 703 476 vol.
729 449 752 476 3.
778 457 840 483 pag.
865 449 906 475 75.
932 448 997 475 Tab.
1017 448 1040 475 3.
1063 449 1108 481 fig.
1128 448 1151 475 2.

259 505 329 537 Cfr.
354 505 382 537 J.
408 504 446 537 G.
470 505 614 546 Jeffrey's
637 505 752 537 Notice
776 505 810 537 of
832 515 918 537 some
942 504 1048 536 Shells
1079 504 1220 545 dredged
1251 505 1293 545 by
1317 503 1409 545 Capt.
1434 504 1481 537 St.
1505 506 1590 538 John
1622 506 1654 537 in
1678 506 1782 538 Korea
1809 506 1910 539 Strait
1941 508 1974 538 in

102 560 196 592 Linn.
221 560 293 593 Soc.
318 561 429 593 Journ.
454 561 516 593 vol.
544 562 592 592 14.
616 571 689 602 pag.
714 560 868 609 4212ubi
891 570 1069 600 synonyma
1091 560 1190 591 allata
1213 561 1298 591 sunt.

964 665 1032 699 Pag.
1055 665 1112 691 183.

259 725 382 757 Mactra
407 726 456 757 vel
482 725 666 766 Trigonella
689 725 857 757 Bonneaui
879 725 1034 757 Bernardi
1060 725 1183 765 (Journ.
1209 724 1247 756 de
1271 723 1390 756 Conch.
1418 725 1509 756 1858.
1541 735 1613 766 pag.
1638 725 1703 766 92.)
1733 728 1766 757 et
1793 725 1976 767 Trigonella

101 782 223 813 nostra
256 781 430 813 straminea
469 781 604 813 fortasse
639 783 716 812 sunt
749 782 853 812 testae
888 779 1030 812 Mactrae
1064 780 1305 812 Sachalinensis
1338 781 1481 812 nondum
1509 781 1647 820 adultae,
1681 782 1720 814 de
1747 792 1811 822 qua
1842 782 1971 823 quidem

102 846 202 877 quaes
212 836 300 868 tione
324 837 408 868 certe
427 836 563 876 judicari
586 836 715 877 poterit,
739 837 766 868 si
790 836 882 877 plura
904 836 1080 877 specimina
1103 835 1253 867 adessent
1275 838 1306 867 et
1329 836 1598 867 examinarentur.

966 931 1034 964 Pag.
1054 931 1111 957 185.

783 987 912 1019 Raeta
943 987 1145 1019 rostralis
1181 987 1297 1019 Desh.

259 1049 340 1081 Clar.
365 1050 402 1081 A.
427 1050 548 1082 Adams
570 1051 681 1082 valvas
705 1051 850 1091 singulas
874 1050 1050 1082 conchulae
1073 1051 1203 1082 nomine
1240 1050 1403 1083 Baetae
1435 1051 1678 1092 pulchellae
1711 1052 1777 1084 Ad.
1810 1055 1849 1085 et
1878 1053 1971 1085 Rve.

103 1104 291 1146 (Poromyae
314 1104 504 1146 pulchellae)
526 1105 602 1145 Voy.
628 1105 749 1137 Samar.
774 1105 860 1137 Moll.
885 1116 957 1146 pag.
983 1105 1034 1137 83.
1059 1105 1136 1136 Tab.
1162 1105 1213 1137 23.
1239 1105 1292 1146 fig.
1318 1107 1346 1137 1.
1372 1106 1470 1145 misit,
1495 1117 1577 1147 quae
1599 1107 1689 1138 nullo
1712 1108 1807 1140 modo
1831 1118 1850 1139 a
1869 1107 1972 1140 Raeta

103 1159 253 1201 (Mactra)
277 1160 405 1192 rostrali
430 1160 525 1192 Desh.
544 1161 706 1193 differunt.
753 1161 833 1193 Cum
851 1171 925 1193 vero
942 1161 1002 1192 hoc
1019 1171 1136 1192 nomen
1155 1161 1317 1201 posterius
1333 1162 1572 1202 promulgatum
1588 1162 1641 1202 sit,
1663 1162 1783 1195 Baetae
1799 1163 1977 1204 pulchellae

102 1215 155 1256 jus
178 1215 355 1257 prioritatis
378 1215 585 1248 tribuendum
609 1218 667 1248 est.

978 1282 1046 1316 Pag.
1067 1282 1124 1309 213.

258 1334 356 1366 Versu
380 1344 465 1366 nono
488 1335 573 1376 lege:
597 1335 672 1366 talis
695 1336 886 1366 structurae.

970 1409 1037 1443 Pag.
1058 1409 1117 1436 220.

262 1469 454 1511 Solenomya
476 1472 587 1502 nostra
610 1470 768 1511 Japonica
791 1470 927 1502 fortasse
950 1470 990 1501 ad
1022 1468 1204 1511 Solemyam
1235 1471 1388 1512 pusillam
1418 1471 1533 1504 Gould.
1566 1472 1668 1513 (Proc.
1693 1473 1781 1506 Bost.
1805 1473 1877 1507 Soc.
1900 1473 1974 1505 Nat.

106 1523 190 1569 Hisjc.
215 1525 276 1557 vol.
301 1525 330 1556 8.
354 1536 427 1566 pag.
452 1524 517 1566 27.)
540 1536 638 1567 prope
662 1525 832 1558 Hakodate
855 1527 1014 1567 repertam
1037 1526 1188 1566 pertinet,
1214 1538 1311 1568 quam
1335 1538 1520 1569 comparare
1542 1527 1629 1560 haud
1651 1528 1752 1560 licuit.

964 1624 1034 1658 Pag.
1052 1625 1113 1652 221.

260 1679 392 1720 Mytilus
415 1691 567 1712 coruscus
591 1679 707 1713 Gould.
736 1680 837 1721 (Proc.
863 1680 951 1712 Bost.
977 1680 1048 1713 Soc.
1073 1681 1147 1713 Nat.
1171 1680 1254 1712 Hist.
1280 1681 1340 1712 vol.
1366 1681 1396 1712 8.
1430 1680 1522 1712 1861.
1547 1691 1620 1722 pag.
1645 1680 1709 1721 38.)
1740 1691 1837 1723 prope
1866 1681 1976 1714 Hako-

104 1734 180 1767 date
201 1738 356 1776 repertus,
380 1737 429 1768 est
451 1736 573 1777 species
595 1736 674 1768 mihi
698 1735 806 1776 dubia,
829 1736 965 1768 fortasse
990 1736 1030 1768 ad
1054 1736 1202 1777 Mytilum
1226 1746 1332 1768 meum
1356 1736 1540 1778 Grayanum
1563 1736 1737 1778 pertinens.

967 1833 1034 1867 Pag.
1054 1833 1115 1860 233.

735 1887 976 1929 Scapharca
1011 1889 1170 1921 inflata
1202 1889 1344 1922 Reeve.

258 1952 345 1984 Haec
379 1952 501 1984 concha
533 1951 659 1984 ambitu
694 1952 856 1985 interdum
886 1953 1051 1985 variabilis
1082 1956 1142 1992 est,
1173 1963 1246 1985 cum
1275 1964 1350 1995 pars
1382 1954 1547 1986 valvarum
1579 1954 1704 1994 postica
1733 1954 1806 1995 plus
1827 1954 1975 1996 minusve

102 2006 262 2048 producta
283 2008 477 2047 inveniatur,
501 2007 587 2048 quod
611 2008 894 2040 observationibus
916 2009 997 2040 meis
1020 2009 1180 2050 prioribus
1202 2008 1256 2041 hic
1278 2009 1405 2050 adjicio.

961 2118 1029 2152 Pag.
1049 2118 1107 2146 238.

258 2176 320 2210 Pro
342 2177 531 2218 Huxleya
554 2177 590 2208 A.
615 2177 767 2210 Adams
791 2177 893 2219 (olim)
918 2189 1035 2211 nomen
1059 2180 1242 2220 genericum
1267 2179 1424 2221 cyrilla
1453 2179 1490 2211 A.
1524 2179 1671 2211 Adams
1703 2179 1889 2221 ponendum
1911 2182 1970 2212 est.

104 2231 265 2274 Cyrilla
302 2233 468 2265 sulcata
507 2232 728 2274 (Huxleya)
767 2234 804 2265 A.
844 2234 993 2266 Adams
1031 2246 1104 2276 pag.
1148 2235 1211 2266 238
1249 2238 1439 2267 enumerata
1476 2237 1509 2267 et
1546 2235 1710 2276 Cyrilla
1747 2235 1973 2267 decussata

102 2287 140 2319 A.
164 2287 313 2321 Adams
337 2288 432 2330 (Ann.
455 2287 539 2330 Mag.
563 2289 638 2321 Nat.
663 2288 745 2321 Hist.
773 2289 865 2321 1862.
889 2300 962 2331 pag.
987 2289 1074 2331 295.)
1099 2301 1139 2322 ex
1161 2290 1302 2332 Japonia
1325 2293 1455 2323 tantum
1477 2291 1644 2333 hucusque
1666 2292 1886 2324 innotuerunt.

968 2399 1036 2432 Pag.
1057 2398 1116 2425 247.

259 2458 308 2490 Ad
330 2458 580 2490 Plicatulam
604 2469 791 2500 rugosam
814 2459 993 2491 notandum
1015 2462 1064 2491 est
1087 2460 1315 2492 Lamarekium
1343 2461 1411 2501 jam
1434 2463 1531 2492 antea
1553 2460 1691 2501 speciem
1719 2459 1815 2492 huius
1845 2461 1971 2501 generis

109 2513 251 2547 fossilem
276 2514 387 2546 eodem
409 2514 539 2546 nomine
571 2514 787 2555 descripsisse,
821 2515 907 2556 quod
936 2516 1115 2547 omiseram.
1163 2516 1316 2554 Quamvis
1345 2516 1425 2549 haec
1451 2516 1574 2558 species
1597 2515 1716 2548 fossilis
1738 2526 1867 2556 magna,
1890 2526 1973 2556 quae

102 2569 194 2601 inter
217 2568 399 2610 Spondylos
423 2571 455 2602 et
476 2569 653 2601 Plicatulas
685 2569 875 2602 intermedia
909 2570 1035 2609 dicitur,
1071 2571 1243 2603 admodum
1279 2572 1378 2604 dubia
1411 2573 1464 2611 sit,
1492 2574 1601 2604 tamen
1630 2571 1812 2613 designatio
1842 2572 1973 2603 nostrae

106 2625 227 2667 speciei
249 2625 406 2657 mutanda
431 2627 489 2665 est,
514 2635 610 2666 quam
634 2636 722 2657 nunc
744 2625 1002 2658 Plicatulam
1028 2627 1299 2667 irregularem
1323 2628 1565 2660 nominaverim.
