2379 3382
910 227 952 231 —
987 208 1124 240 205-

82 299 272 336 terminata3
296 308 369 328 area
392 298 532 337 angusta
555 298 608 327 vix
633 296 821 335 conspicua3
846 294 1055 334 ligamentum
1088 295 1262 332 angustum
1286 294 1322 323 ut
1344 293 1377 323 in
1401 303 1514 332 genere
1537 292 1619 324 solet
1642 295 1842 332 immersum3
1859 294 1949 325 sinus

84 353 173 394 pallii
197 352 467 393 profundissimus
489 351 661 382 admodum
685 353 819 387 erectus,
843 349 928 380 ultra
950 348 1089 379 medium
1121 350 1224 378 testae,
1248 350 1410 378 extensus.
1441 366 1472 369 —
1500 348 1599 388 Long.
1625 348 1664 379 27
1689 349 1775 387 mill.7
1799 349 1948 381 totidem-

88 419 149 448 que
173 408 255 439 altit.

240 463 275 493 In
301 462 487 493 collectione
510 461 735 492 Molluscorum
760 459 915 499 Japonica
939 469 1036 489 unum
1063 460 1189 488 tantum
1214 458 1375 497 specimen
1401 458 1566 488 inventum
1596 462 1643 489 est
1668 459 1735 489 sine
1759 462 1844 490 certa
1867 460 1949 490 indi-

85 518 211 549 catione
233 517 294 548 loci
318 517 444 548 natalis.

241 572 325 603 Haec
349 571 470 612 species
493 572 576 601 inter
600 581 712 601 omnes
734 569 812 607 mihi
837 570 940 605 notas,
966 567 1092 598 fossiles
1115 577 1179 598 non
1205 567 1361 604 exclusas.
1392 567 1505 598 habitu
1529 578 1629 607 paene
1661 572 1772 600 exacte
1803 569 1949 601 circulari

83 628 229 668 insignis,
265 627 327 658 imo
357 626 454 658 etiam
487 625 649 656 Dosiniam
681 624 865 655 circularem
897 623 1045 654 Roemeri
1073 623 1132 653 hac
1163 622 1286 653 ratione
1311 625 1451 662 superat,
1485 633 1566 662 quae
1590 624 1710 663 postice
1734 624 1950 663 subaugulata

85 684 143 720 est,
169 693 208 713 ne
231 682 334 713 (licam
359 681 397 712 de
420 681 490 711 aliis
515 680 711 711 differentiis.

799 813 924 846 Genus
948 811 1106 855 Cyclina
1130 811 1241 845 Desh.

559 899 734 940 Cyclina
768 898 993 930 orientalis
1029 897 1226 938 Sowerby
1261 896 1483 937 (Artemis).

298 966 375 992 Thes.
397 966 495 993 Conch.
515 966 565 993 vol.
586 966 609 992 2.
628 974 691 1000 pag.
711 966 769 992 661.
789 965 854 992 Tab.
877 965 934 991 144.
955 965 999 995 fig,
1019 965 1059 990 79.
1080 976 1112 986 z
1134 964 1278 997 Cyclina
1298 964 1531 997 pectunculus
1552 964 1660 990 Roem.

239 1026 407 1068 Specimen
424 1026 630 1066 magnificum
647 1027 742 1057 huius
760 1025 900 1057 conchae
916 1025 1090 1065 Japonicae
1114 1026 1221 1055 exstat
1238 1025 1270 1055 in
1289 1024 1476 1055 collectione
1493 1024 1731 1064 conchyliorum
1750 1025 1950 1056 Loebbeckei

84 1082 327 1123 Dusseldorpini
361 1082 401 1112 71
436 1081 513 1113 mill.
547 1082 658 1120 latum,
703 1081 744 1112 69
775 1081 887 1119 altum,
927 1092 1028 1121 paene
1063 1080 1282 1117 rotundatum,
1320 1079 1411 1110 valde
1445 1079 1602 1110 inflatum.
1629 1097 1665 1102 —
1701 1080 1787 1111 Haec
1820 1081 1951 1121 speeies.

85 1138 210 1178 generis
232 1138 282 1169 sui
304 1137 455 1176 maxima,
480 1137 672 1178 epidermide
695 1136 949 1167 luteo-aurantia
973 1136 1075 1167 nitida
1098 1135 1187 1167 tenui
1212 1135 1266 1166 sed
1292 1135 1384 1166 firma
1407 1134 1548 1166 obducta
1571 1137 1629 1166 est.

568 1246 744 1287 Cyclina
780 1245 1005 1277 Chinensis
1040 1245 1258 1277 Chemnitz
1291 1244 1461 1286 (Venus).

294 1313 391 1339 Conch.
411 1313 474 1340 Cab.
494 1314 545 1340 vol.
566 1314 606 1341 10.
625 1321 686 1347 pag.
706 1313 764 1339 356.
784 1314 829 1346 fig.
851 1313 924 1339 1663.
963 1313 1124 1347 Cyprina
1145 1313 1332 1339 tenuistria
1350 1312 1434 1339 Lam.
1455 1313 1535 1339 anim.
1563 1321 1583 1338 s.
1606 1314 1674 1339 vert.
1698 1313 1748 1339 vol.
1768 1313 1792 1339 6.
1811 1321 1873 1347 pag.
1894 1313 1951 1340 291.

342 1356 490 1381 Artemis
511 1355 695 1382 Chinensis
716 1356 825 1381 Reeve
845 1355 942 1381 Conch.
963 1356 1029 1381 icon.
1050 1363 1118 1388 spec.
1140 1357 1162 1380 b'.

242 1415 372 1456 Species
395 1416 529 1454 ambitu,
553 1417 777 1457 magnitudine
801 1419 832 1447 et
856 1416 959 1447 colore
976 1415 1140 1447 variabilis
1157 1415 1343 1456 plerumque
1361 1415 1491 1447 cordata
1516 1415 1565 1447 vel
1587 1416 1717 1456 oblique
1733 1416 1954 1457 subquadrata

84 1473 116 1503 et.
148 1472 262 1503 inflata
292 1474 350 1510 est,
380 1472 482 1503 rarius
510 1472 616 1503 minus
644 1483 789 1503 convexa
820 1472 944 1503 ambitu
976 1482 1077 1511 paene
1106 1471 1264 1509 circulari,
1295 1473 1331 1502 ut
1363 1471 1524 1511 specimen
1555 1471 1794 1503 Jokohamense
1818 1472 1911 1503 docet
1934 1483 1953 1503 a

84 1527 157 1559 clar.
175 1526 256 1559 Pohl
273 1527 433 1558 navarcho
459 1527 620 1567 quondam
644 1530 820 1567 acceptum.
868 1527 1051 1568 Specimina
1069 1526 1244 1557 Chinensia
1261 1528 1392 1558 exstant
1407 1527 1440 1557 in
1458 1526 1645 1559 collectione
1662 1529 1773 1559 nostra
1790 1529 1953 1567 gigantea⁷

83 1582 241 1623 Japonica
264 1593 282 1614 a
306 1583 379 1614 clar.
404 1583 432 1614 J.
457 1583 538 1614 Rein
561 1585 733 1623 reportata⁷
758 1582 861 1613 multo
887 1582 1009 1613 minora
1032 1584 1121 1613 sunt.

239 1637 369 1678 Cyclina
392 1638 609 1669 intumescens
632 1637 779 1669 Roemeri
804 1637 870 1678 (cfr.
895 1637 971 1669 Dkr.
996 1637 1103 1668 Novit.
1129 1636 1240 1668 conch.
1265 1647 1339 1678 pag.
1364 1637 1415 1668 49.
1440 1637 1518 1668 Tab.
1549 1638 1597 1668 16.
1622 1638 1674 1678 fig.
1696 1639 1722 1668 1.
1740 1637 1768 1669 2.
1787 1636 1819 1677 3)
1843 1637 1953 1668 multis

83 1693 321 1734 exemplaribus
346 1704 430 1724 nunc
454 1694 647 1733 comparatis
670 1704 741 1724 mea
764 1693 893 1734 quidem
916 1693 1067 1734 opinione
1091 1693 1135 1724 nil
1161 1695 1209 1724 est
1233 1692 1296 1723 nisi
1320 1692 1457 1724 varietas
1480 1696 1610 1724 nostrae
1633 1693 1760 1734 speciei.

705 1802 882 1843 Cyclina
915 1803 1077 1834 flavida
1111 1803 1332 1844 Deshayes.

291 1870 351 1897 Cat.
372 1870 490 1897 conchis.
510 1871 579 1897 Brit.
600 1855 666 1897 Mus.
687 1877 748 1904 pag.
768 1870 809 1895 31.

242 1919 430 1962 Tsu-shima
453 1930 488 1962 A.
514 1930 642 1962 Adams.
689 1930 874 1971 Specimina
897 1929 1075 1960 Chinensia
1098 1930 1183 1961 haud
1208 1930 1369 1961 differunt.

769 2040 894 2073 Genus
918 2038 1126 2074 Clementia
1150 2040 1265 2083 Gray.

691 2116 928 2148 Clementia
964 2128 1199 2158 papyracea
1234 2116 1350 2158 Gray.

292 2183 404 2209 Venus
431 2191 622 2217 papyracea
650 2183 742 2216 Gray
769 2184 802 2208 in
830 2183 931 2209 Wood
961 2184 1053 2218 Suppl.
1079 2184 1144 2210 Tab.
1165 2184 1180 2209 2
1200 2184 1245 2217 fig.
1266 2184 1288 2210 8.
1308 2197 1342 2210 Ξ
1365 2184 1477 2210 Venus
1500 2183 1648 2217 hyalina
1673 2183 1744 2209 Phil.
1767 2182 1834 2210 Abb.
1860 2183 1910 2208 vol.
1929 2183 1954 2208 3.

343 2234 407 2260 pag.
425 2226 469 2252 39.
488 2226 529 2252 83.
549 2226 614 2252 Tab.
636 2227 675 2252 10.
695 2226 740 2259 fig.
760 2226 783 2252 6.

241 2286 331 2318 Nova
353 2286 526 2318 Hollandia
549 2286 645 2325 Sow.‚
670 2287 873 2327 Philippinae
897 2287 1022 2318 insulae
1046 2287 1083 2318 H.
1109 2287 1256 2328 Cuming.

243 2341 410 2383 Specimen
434 2353 533 2373 unum
551 2345 658 2374 exstat
674 2343 707 2373 in
725 2343 911 2374 collectione
927 2342 1156 2374 Molluscorum
1173 2343 1331 2383 Japoniae
1347 2343 1415 2374 sine
1432 2344 1518 2373 certa
1535 2342 1595 2373 loci
1613 2342 1731 2373 natalis
1746 2341 1952 2372 indicatione.

238 2430 406 2462 Praeterea
429 2431 502 2462 clar.
527 2431 564 2462 A.
589 2431 709 2463 Adams
733 2431 763 2462 in
789 2432 871 2462 Ann.
897 2432 961 2462 and
984 2431 1067 2472 Mag.
1093 2431 1165 2463 Nat.
1192 2433 1272 2463 His-t.
1297 2443 1338 2463 m.
1363 2431 1471 2462 Martii
1500 2431 1582 2462 1869
1600 2442 1672 2471 pag.
1691 2431 1754 2462 234
1777 2429 1955 2461 Clemen-

83 2486 187 2517 tiam
211 2486 393 2517 similem
417 2486 516 2519 Sow.
543 2487 648 2528 (Thes.
674 2486 792 2518 Conch.
818 2487 878 2518 vol.
904 2487 932 2518 2.
958 2498 1029 2527 pag.
1055 2487 1126 2518 700.
1153 2487 1230 2518 Tab.
1251 2487 1309 2518 151
1328 2487 1380 2527 fig.
1400 2486 1474 2525 154)
1491 2497 1563 2518 cum
1587 2487 1681 2526 signo
1705 2486 1833 2526 quidem
1858 2485 1956 2515 inter-

85 2541 261 2581 rogationis
285 2552 344 2573 nec
367 2553 432 2573 non
456 2541 725 2573 Clementiam
750 2541 995 2573 Moretonen
1010 2553 1090 2573 sem
1115 2542 1231 2573 Desh.
1259 2542 1360 2582 (Proc.
1386 2542 1471 2573 Zool.
1498 2541 1568 2574 Soc.
1597 2541 1688 2572 1853.
1712 2551 1784 2581 pag.
1810 2539 1874 2579 18)
1897 2550 1953 2580 pro

87 2595 217 2627 conchis
241 2596 406 2637 Japonicis
431 2598 639 2636 enumeravit,
664 2597 742 2628 mihi
765 2608 894 2637 prorsus
919 2598 1056 2636 ignotas.
