2379 3382
880 280 921 283 --
966 261 1025 292 241
1074 280 1112 284 —

768 347 919 378 Pecten
949 347 1121 379 Jickelii
1150 348 1235 379 Dkr.

278 413 404 440 Zeitschr.
423 413 466 439 fiir
486 414 547 440 Mal.
568 414 618 440 vol.
638 414 677 440 24.
698 422 758 448 pag.
779 414 822 440 72.
841 415 946 440 nomine
965 414 1122 440 Pectinis
1142 415 1266 442 trifidi.

228 473 323 505 Testa
347 474 480 506 solidula
505 475 735 515 inaequivalvis
759 475 890 513 tumida,
915 475 1180 516 subaequilatera⁷
1206 477 1368 517 paululum
1390 477 1531 518 obliqua,
1556 479 1652 510 costis
1677 481 1715 510 18
1733 480 1917 520 regulariter

72 530 267 562 tricarinatis
291 530 420 571 oblique
444 531 566 562 sti-latis
590 531 764 566 instructa:
789 531 960 562 interstitia
983 532 1080 562 costis
1104 533 1289 572 angustiora
1316 534 1520 564 transversim
1545 535 1766 576 subtiliterque
1789 536 1917 573 striata3

72 585 227 617 umbones
251 586 364 617 tumidi
393 586 591 626 inaequales3
621 586 717 618 umbo
748 587 857 618 valvae
889 587 1037 618 dexterae
1060 588 1274 628 prominulus3
1305 589 1390 620 color
1420 589 1526 620 fuscus
1557 590 1856 623 albo-marmoratus
1887 595 1918 622 et

72 642 262 682 variegatus.

227 697 312 729 Mare
335 698 534 738 Japonicum.
580 698 695 729 Exstat
718 698 748 729 in
773 697 843 730 coll.
868 698 1125 730 Loebbeckeana.

226 753 322 784 Testa
345 754 387 784 27
411 753 487 784 mill.
512 753 578 785 alta
601 754 798 794 totidemque
825 765 925 795 paene
956 754 1030 792 lata,
1061 754 1098 785 17
1130 754 1205 785 mill.
1236 765 1351 790 crassa,
1384 758 1545 787 structura
1575 760 1732 790 costarum
1765 761 1916 800 singulari

71 809 177 841 trifida
200 810 362 850 valvisque
386 810 517 841 tumidis
540 810 686 850 insignis,
710 809 856 841 habitum
879 809 1020 841 Pectinis
1043 810 1212 842 ventricosi
1235 809 1317 841 Sow.
1343 811 1482 843 nondum
1506 813 1607 844 adulti
1631 824 1704 854 prae
1727 826 1760 845 se
1783 815 1851 846 fert.

713 904 866 935 Pecten
896 904 1162 936 vesiculosus
1192 905 1280 936 Dkr.

822 971 886 998 Tab.
906 974 999 998 nostra
1020 972 1057 998 11.
1078 972 1121 1005 fig.
1145 973 1164 998 l.

276 1014 404 1040 Zeitschr.
424 1013 466 1039 fiir
487 1013 548 1040 Mal.
568 1013 617 1040 vol.
638 1013 678 1040 24.
698 1022 760 1048 pag.
780 1014 820 1040 72.

226 1074 321 1107 Testa
343 1074 481 1107 solidula
502 1075 632 1116 paulum
660 1076 791 1116 obliqua
821 1075 1062 1116 inaequivalvis,
1091 1076 1187 1107 costis
1216 1075 1416 1107 radiantibus
1454 1076 1491 1108 16
1522 1077 1709 1117 aequalibus
1738 1078 1916 1110 rotundatis

71 1132 213 1164 obsolete
246 1132 367 1162 striatis
391 1142 490 1171 paene
514 1131 667 1170 laevibus,
699 1131 848 1172 utrinque
878 1131 1056 1169 lamellatis,
1087 1131 1269 1163 interstitiis
1298 1133 1467 1163 tenerrime
1496 1132 1617 1164 striatis
1649 1135 1916 1175 transversimque

69 1188 252 1219 cancellatis
276 1188 448 1225 instructa3
473 1187 633 1218 auriculae
657 1187 748 1218 valde
772 1188 905 1228 impares
929 1190 1021 1219 acute
1045 1189 1197 1225 costatae,
1221 1188 1261 1219 ad
1284 1188 1458 1228 marginem
1481 1189 1631 1228 utrinque
1654 1188 1807 1229 plicatum
1839 1191 1914 1221 sub-

69 1246 224 1283 serratae;
248 1244 332 1275 color
355 1246 506 1274 externus
529 1243 699 1274 rubescens
723 1243 771 1274 vel
795 1243 886 1274 albus
910 1246 941 1274 et
964 1243 1058 1274 rubro
1082 1243 1273 1284 variegatus,
1298 1244 1442 1275 internus
1465 1244 1557 1275 albus
1582 1247 1613 1276 et
1637 1255 1754 1276 roseus.

223 1299 292 1330 Duo
316 1299 489 1340 specimina
512 1301 642 1330 exstant
664 1299 797 1330 alterum
823 1299 862 1330 16
887 1299 960 1330 mill.
985 1299 1085 1330 altum
1109 1299 1306 1340 totidemque
1328 1300 1438 1338 latum,
1463 1301 1482 1330 9
1506 1300 1581 1331 mill.
1606 1312 1756 1340 crassum,
1781 1301 1915 1333 alterum

69 1356 109 1387 27
133 1355 209 1387 mill.
235 1355 334 1387 altum
361 1357 392 1387 et
416 1355 579 1396 paululum
603 1355 708 1386 latius.
755 1355 790 1385 In
814 1355 873 1386 hoc
896 1356 1068 1396 specimine
1090 1355 1208 1396 majore
1229 1355 1373 1387 lamellae
1397 1356 1514 1396 passim
1538 1356 1664 1388 clausae
1687 1358 1706 1388 i.
1731 1368 1756 1388 e..
1781 1357 1915 1390 coalitae

68 1414 153 1450 sunt,
178 1413 224 1443 ita
246 1414 283 1443 ut
306 1411 501 1443 vesiculosae
524 1415 707 1452 appareant,
732 1422 813 1452 quae
834 1413 995 1442 structura
1011 1411 1182 1452 singularis
1198 1414 1281 1443 certe
1298 1412 1330 1442 in
1346 1412 1495 1443 omnibus
1512 1412 1740 1453 speciminibus
1755 1413 1915 1445 observari

69 1470 184 1509 potest,
208 1468 234 1499 si
258 1468 350 1499 modo
373 1467 548 1498 obveniant
570 1468 702 1507 integra.

223 1524 308 1554 Inter
336 1535 445 1555 omnes
466 1523 632 1554 Pectinum
655 1523 775 1564 species
798 1523 831 1553 P.
856 1522 973 1554 Tissoti
1004 1523 1156 1554 Ber-nardi
1186 1525 1314 1555 nostrae
1342 1523 1459 1564 speciei
1489 1524 1652 1564 proximus
1681 1535 1750 1556 esse
1780 1525 1914 1565 videtur,

69 1581 125 1620 qui
147 1591 220 1612 vero
244 1580 342 1611 costis
365 1579 510 1620 pluribus
539 1590 595 1610 nec
624 1590 687 1610 non
719 1579 820 1610 valvis
849 1579 1052 1619 aequilateris
1084 1580 1197 1611 differt.
1251 1580 1418 1611 Praeterea
1447 1582 1626 1611 structurae
1657 1580 1852 1612 vesiculosae
1883 1582 1916 1613 in

69 1636 281 1678 descriptione
304 1636 392 1667 nulla
414 1636 450 1667 fit
473 1635 601 1666 mentio.

702 1721 855 1752 Pecten
885 1721 1043 1753 Tissoti
1073 1721 1283 1752 Bernardi.

272 1790 363 1816 Journ.
383 1789 415 1816 de
435 1789 531 1816 Conch.
553 1789 625 1816 1858.
646 1797 707 1824 pag.
727 1790 767 1816 91.
788 1789 853 1816 Tab.
875 1790 895 1816 l.
915 1791 960 1823 fig.
979 1789 1002 1815 2.
1022 1788 1090 1823 (sine
1108 1788 1272 1815 indicatione
1291 1789 1416 1823 patriae).

221 1851 306 1883 Inter
329 1851 477 1883 Pectines
499 1851 672 1893 Japonicos
694 1862 794 1883 unum
817 1851 924 1882 inveni
947 1850 1001 1891 qui
1025 1861 1097 1882 cum
1119 1850 1331 1891 descriptione
1354 1861 1450 1891 supra
1481 1851 1611 1882 laudata
1642 1851 1727 1883 notis
1757 1851 1913 1892 primariis

66 1909 226 1947 convenit,
250 1909 296 1940 ita
323 1911 358 1940 ut
382 1920 452 1940 eum
476 1919 547 1939 cum
572 1907 631 1939 hac
653 1908 758 1948 specie
777 1907 977 1948 jungendum
1000 1918 1068 1938 esse
1091 1917 1246 1938 censeam.

688 1993 843 2025 Pecten
872 1994 1127 2035 spectabilis
1158 1994 1297 2025 Reeve.

778 2061 842 2088 Tab.
864 2063 956 2088 nostra
978 2062 1016 2088 11.
1035 2062 1080 2095 fig.
1100 2061 1139 2088 12.
1161 2062 1198 2087 13.

273 2105 368 2132 Concli.
390 2106 456 2131 icon.
475 2105 526 2131 vol.
546 2105 569 2131 8.
589 2113 657 2139 spec.
681 2104 734 2131 128.

221 2166 300 2198 Cum
324 2167 395 2198 icon
419 2167 587 2198 Reeveana
621 2167 796 2198 secundum
819 2167 976 2207 specimen
997 2165 1138 2206 juvenile
1161 2165 1307 2197 desumta
1330 2165 1381 2203 sit,
1399 2164 1482 2196 hanc
1498 2164 1651 2195 concham
1670 2162 1912 2204 pulcherrimam

66 2223 179 2255 iterum
202 2223 253 2255 hic
277 2223 416 2264 depinxi.
463 2223 630 2255 Costarum
655 2225 816 2254 structura
840 2226 871 2254 et
894 2223 1019 2263 pictura
1041 2233 1080 2253 ex
1104 2222 1194 2253 icone
1217 2221 1326 2253 statim
1351 2221 1521 2255 elucentes,
1553 2219 1722 2251 variabiles
1751 2230 1819 2250 esse
1850 2230 1912 2250 non

64 2280 222 2311 videntur.

218 2335 304 2367 Mare
326 2335 526 2376 Japonicum.
573 2334 744 2376 Nagasaki.

219 2391 381 2430 Quantum
404 2391 470 2423 scio
493 2391 597 2432 patria
620 2390 715 2423 huius
739 2391 878 2423 Pectinis
902 2390 942 2422 ad
966 2390 1025 2422 hoc
1049 2392 1174 2430 tempus
1198 2389 1283 2422 haud
1307 2388 1457 2420 innotuit.

745 2477 894 2509 Pecten
924 2477 1059 2508 laetus
1091 2475 1232 2508 Gould.

270 2546 343 2572 Proc.
364 2546 437 2572 Bost.
458 2546 514 2572 Soc.
535 2545 598 2571 Nat.
619 2545 688 2571 Hist.
708 2545 758 2571 vol.
777 2545 800 2572 8.
819 2552 880 2579 pag.
901 2544 941 2571 39.
978 2543 1124 2570 Lischke
1143 2543 1202 2578 Jap.
1223 2544 1256 2569 M.
1277 2543 1372 2569 conch.
1394 2542 1443 2569 vol.
1460 2543 1471 2568 l
1502 2550 1562 2576 pag.
1577 2543 1633 2568 162⁴.
1653 2541 1717 2567 Tab.
1741 2542 1778 2567 12.
1792 2542 1836 2574 fig.
1851 2542 1873 2567 6.
1892 2541 1906 2566 7

220 2607 301 2639 Clar.
326 2607 463 2639 Lischke
486 2607 569 2638 hanc
592 2607 728 2648 speciem
752 2607 854 2639 fusius
878 2607 1036 2638 tractavit.

219 2663 309 2703 Jedo,
332 2663 509 2701 Hakoda‘te,
533 2663 723 2695 Jokohama.

132 2723 249 2757 Dunker,
268 2724 339 2751 Moli.
359 2723 418 2757 Jap.
438 2731 502 2749 mar.
1615 2710 1651 2741 3]
