2379 3382
866 287 1099 318 —163—

216 372 299 404 Haec
333 373 563 414 Hydatinarum
598 374 718 414 species
752 373 903 404 umbilico
934 373 983 405 vel
1013 373 1091 403 rima
1122 372 1261 404 umbilici
1286 384 1303 403 a
1327 373 1443 405 lamina
1478 375 1660 407 columellae
1683 377 1735 407 vix
1760 377 1898 414 obtecta,

61 429 164 470 spirae
187 428 375 460 formatione
397 431 530 469 totaque
552 429 652 460 forma
676 428 809 468 insignis
833 432 890 460 est.

216 484 302 515 Mare
324 484 478 525 Japoniae
502 485 764 516 mediterraneum
788 495 884 525 prope
908 484 1110 525 Wakayama.

779 609 903 645 Genus
926 611 1075 646 Bullina
1098 611 1180 645 Fer.

631 688 798 721 Bullina
829 689 990 721 lineata
1021 690 1143 722 Wood
1174 689 1330 730 (Bulla).

269 756 325 783 lnd.
345 756 416 783 'l'est.
437 757 528 791 Suppl.
547 756 611 783 Tab.
631 757 654 783 3.
692 757 768 783 Sow.
789 757 865 784 Thes.
886 757 982 784 Couch.
997 758 1046 784 vol.
1061 758 1083 784 2.
1099 765 1159 791 pag.
1180 758 1236 783 563.
1257 757 1321 783 Tab.
1343 757 1398 782 1⁶20.
1414 758 1457 790 fig.
1472 758 1495 783 2.
1534 757 1635 782 Bulla
1655 757 1781 783 undata
1802 757 1899 791 Izrug.

319 811 351 824 z
371 799 526 826 nitidula
545 799 606 826 Sol.
626 811 659 823 z
677 800 821 833 elegans
841 801 921 826 Mke.

216 861 288 892 Tria
312 862 484 902 specimina
507 861 612 892 variae
634 861 750 893 aetatis
772 861 854 892 lecta
877 863 961 892 sunt.
1008 861 1171 893 Praeterea
1195 861 1276 892 hanc
1299 860 1491 892 cochleolam
1515 861 1702 891 concinnam
1726 871 1765 891 ex
1788 861 1900 891 insulis

61 917 192 949 Antillis
215 921 246 949 et
272 918 432 949 Australia
456 919 616 958 quondam
640 918 756 959 accepi.

627 1015 791 1047 Bullina
821 1016 967 1047 scabra
998 1015 1155 1047 Chemn.
1187 1015 1339 1055 (Bulla).

269 1084 364 1110 Cone-h.
386 1084 448 1110 Cab.
468 1084 518 1110 vol.
540 1085 578 1110 10.
598 1092 658 1117 pag.
681 1084 735 1109 118.
756 1084 800 1117 fig.
822 1083 895 1110 1352.
917 1084 990 1110 1353.
1027 1084 1105 1110 Sow.
1126 1083 1202 1109 Thes.
1223 1082 1319 1109 Conch.
1340 1083 1389 1109 vol.
1410 1084 1433 1109 2.
1455 1090 1514 1116 pag.
1536 1082 1592 1107 563.
1613 1081 1676 1107 Tab.
1699 1081 1754 1108 1³20.
1773 1082 1817 1114 fig.
1840 1083 1860 1108 1.

215 1145 302 1177 Mare
323 1145 512 1186 Japonicum
536 1147 617 1176 teste
641 1144 785 1185 Cuming.

216 1202 302 1233 Haec
324 1203 445 1243 species
469 1202 673 1234 desideratur.

842 1364 1125 1424 Cyliohnaoea.

740 1474 864 1507 Genus
887 1473 1069 1517 Cylichna
1092 1474 1230 1508 Love'n.

680 1552 872 1592 Cyliclina
903 1553 1171 1584 semisuleata
1202 1553 1290 1584 Dkr.

458 1618 522 1644 Tab.
543 1621 633 1645 nostra
655 1620 692 1646 13.
713 1620 757 1653 fig.
777 1621 799 1646 7.
819 1620 842 1646 8.
863 1629 950 1654 magn.
971 1623 1026 1647 nat.
1047 1622 1091 1654 fig.
1113 1622 1136 1647 9.
1158 1622 1289 1655 particula
1311 1629 1398 1654 magn.
1419 1622 1506 1645 aucta.

218 1683 313 1714 Testa
343 1682 527 1724 cylindrata‚
562 1682 706 1720 solidula,
739 1683 888 1723 utrinque
922 1683 1101 1714 rotundata.
1132 1683 1205 1714 alba
1236 1682 1425 1724 cpidermitle
1449 1681 1564 1722 pallide
1589 1680 1677 1712 fusca
1700 1679 1826 1716 vestita.
1852 1689 1906 1719 per

62 1739 294 1780 longitudinem
332 1739 500 1770 tenerrime
530 1738 690 1778 denseque
720 1741 843 1779 rugata,
874 1739 944 1770 basi
974 1739 1178 1770 transversim
1213 1739 1352 1777 sulcat33
1393 1738 1515 1769 labrum
1545 1740 1673 1768 acutum
1705 1736 1904 1773 subrectum3

63 1798 211 1836 apertura
234 1798 270 1826 ut
292 1795 323 1826 in
348 1806 461 1835 genere
484 1795 563 1826 solet
587 1795 692 1826 antice
715 1794 864 1833 dilatata;
890 1795 1056 1826 columella
1080 1796 1200 1826 rimata.
1225 1812 1266 1816 —-
1291 1795 1352 1826 Alt.
1380 1796 1427 1831 18,
1453 1794 1546 1824 diam.
1571 1804 1654 1824 max.
1679 1792 1698 1823 8
1721 1792 1796 1824 mill.

219 1851 304 1882 Mare
326 1851 526 1892 Japofficum,
551 1851 605 1882 sed
629 1850 717 1881 locus
740 1850 858 1882 natalis
882 1855 986 1883 certus
1009 1851 1148 1892 ignotus.

218 1907 384 1948 Specimen
407 1909 534 1938 tantum
558 1918 655 1938 unum
679 1906 733 1938 sed
757 1907 915 1947 integrum
938 1910 1053 1939 exstat.

218 1963 369 2004 Cylichna
401 1963 556 2004 Japonica
579 1963 614 1993 A.
639 1963 707 2001 Ad..
730 1963 762 1993 in
787 1962 867 1994 freto
891 1962 1032 1994 Coreano
1063 1963 1168 2001 obvia,
1191 1966 1318 1994 nostrae
1341 1963 1455 2003 speciei
1480 1965 1562 1993 certe
1585 1961 1744 1993 simillima
1767 1964 1825 1995 est,
1851 1961 1906 1992 sed

63 2021 160 2052 sulcis
184 2019 373 2051 transversis
395 2022 498 2050 totam
521 2022 636 2050 testam
660 2019 843 2059 tegentibus
866 2019 1016 2059 rugisque
1039 2019 1164 2059 exiguis
1188 2019 1408 2050 deficientibus
1430 2019 1509 2050 satis
1532 2018 1654 2049 differre
1671 2017 1748 2048 mihi
1772 2017 1905 2048 videtur.

65 2077 107 2108 At
136 2080 246 2108 contra
280 2076 362 2107 inter
395 2074 580 2116 Cylichnam
613 2075 743 2106 araehin
773 2075 863 2115 Quoy
885 2078 917 2106 et
940 2074 1040 2106 Gaim.
1077 2086 1172 2115 quam
1205 2075 1321 2115 pariter
1345 2075 1375 2105 in
1400 2074 1479 2105 freto
1514 2074 1654 2105 Coreano
1688 2073 1809 2105 detexit
1832 2073 1904 2104 clar.

63 2132 193 2170 Adams,
216 2134 248 2163 et
269 2131 466 2172 Japonicam,
490 2131 658 2162 discrimen
681 2131 809 2172 gravius
832 2131 973 2162 invenire
996 2142 1059 2162 non
1082 2132 1182 2172 potui.

218 2188 383 2219 Praeterea
413 2187 485 2218 clar.
511 2187 546 2218 A.
571 2187 689 2218 Adams
712 2187 744 2218 in
767 2187 1052 2218 commentatione:
1086 2187 1135 2220 On
1158 2198 1244 2219 some
1268 2200 1336 2219 new
1360 2189 1480 2229 species
1503 2188 1536 2219 of
1557 2188 1761 2229 Cylichnidae
1789 2192 1848 2220 etc.
1874 2188 1906 2220 in

63 2244 146 2276 Ann.
171 2244 234 2275 and
257 2244 339 2284 Mag.
364 2243 400 2275 of
418 2243 490 2274 Nat.
515 2243 596 2274 Hist.
622 2242 712 2274 Febr.
738 2242 830 2274 1862.
855 2253 925 2283 pag.
954 2243 1024 2274 150.
1049 2244 1245 2275 enumeravit
1269 2245 1389 2284 species
1413 2255 1494 2285 quae
1517 2247 1709 2285 sequuntur:

650 2320 886 2362 Cylichnam
915 2321 1156 2361 Japonicam
1187 2321 1222 2352 A.
1255 2321 1318 2353 Ad.

219 2378 347 2410 Fretum
372 2377 557 2409 Coreanum.

657 2444 899 2486 Cylichnam
928 2446 1154 2486 proximam
1184 2446 1219 2477 A.
1251 2446 1316 2478 Ad.

221 2489 412 2522 Tsu-shima.

643 2544 881 2585 Cylichnam
911 2545 1166 2577 venustulam
1198 2545 1232 2577 A.
1266 2545 1329 2577 Ad.

220 2588 435 2620 Mino-shima.

677 2644 918 2686 Cylichnam
948 2645 1135 2676 rimatam
1168 2645 1202 2675 A.
1236 2644 1301 2675 Ad.

219 2699 349 2731 Fretum
373 2699 558 2731 Coreanum.
1588 2743 1625 2775 21
1639 2743 1654 2760 *
