2379 3382
910 255 1145 286 —127-

856 395 1207 440 Phasianellacea.

775 513 900 547 Genus
922 513 1164 547 Phasianella
1187 513 1287 547 Lam.

702 590 971 622 Phasianella
1002 591 1225 630 variegata
1261 591 1361 621 Lam.

308 657 394 683 Anim.
415 665 476 682 sans
495 659 562 683 vert.
582 657 632 683 vol.
653 658 677 682 9.
696 665 758 690 pag.
778 657 837 682 243.
875 657 1002 683 Deles&
1024 657 1083 683 Rec.
1105 657 1222 683 Tab.37.
1237 657 1282 690 fig.
1296 658 1334 683 10.
1372 657 1522 691 Philippi
1545 658 1641 683 Conch.
1661 659 1724 684 Cab.
1745 659 1784 685 ed.
1805 659 1827 685 2.
1848 660 1959 686 Phasia-

355 700 426 726 nella
446 708 507 733 pag.
526 701 550 726 8.
570 700 635 726 Tab.
655 700 678 726 3.
702 700 746 732 fig.
768 701 841 726 1—3.

253 760 419 801 Specimen
444 760 589 791 adultum
614 763 645 791 et
668 761 825 792 nonnulla
845 761 974 799 juniora
994 763 1134 791 exstant.

252 816 337 848 Haec
360 817 481 857 species
504 816 669 856 hucusque
692 816 927 854 tantummodo,
952 818 1111 856 quantum
1135 815 1212 853 seio,
1237 815 1270 846 in
1294 815 1388 846 Istore
1404 814 1513 846 Novae
1529 815 1718 846 Hellandiae
1735 817 1865 848 inventa
1882 819 1957 848 erat.

676 925 950 956 Phasianella
981 925 1182 965 elongata
1213 925 1379 956 Krauss.

304 992 408 1019 Sfldafr.
436 992 510 1018 Moll.
539 999 600 1025 pag.
632 992 689 1017 104.
719 992 784 1018 Tab.
812 992 834 1018 6.
860 992 903 1025 fig.
928 992 951 1017 3.
996 992 1150 1025 Philippi
1175 992 1193 1017 1.
1216 1000 1237 1018 c.
1259 1000 1321 1026 pag.
1347 992 1389 1019 22.
1418 992 1482 1018 Tab.
1509 993 1532 1018 4.
1560 993 1604 1025 fig.
1632 993 1740 1019 21—23.
1779 994 1961 1022 Sclirenck,

354 1035 455 1060 Amurl.
476 1034 526 1060 vol.
546 1034 568 1060 2.
589 1042 649 1067 pag.
669 1034 728 1060 366.

251 1096 355 1128 Unum
379 1096 539 1136 specimen
563 1095 715 1126 detritum
739 1095 801 1126 huc
824 1094 983 1135 pertinere
1008 1094 1142 1126 videtur.

676 1205 947 1241 Phasianella
972 1206 1173 1247 Capensis
1203 1206 1379 1237 Dunker.

300 1274 429 1300 Zeitschr.
455 1274 498 1300 iiir
526 1273 620 1300 malak.
648 1273 721 1300 1846.
746 1281 807 1306 pag.
835 1273 890 1299 110.
929 1273 1066 1302 Krauss.
1094 1272 1201 1299 Sfidafr.
1221 1273 1294 1299 Moll.
1319 1281 1381 1306 pag.
1400 1273 1456 1299 104.
1477 1272 1541 1299 Tab.
1562 1273 1585 1299 6.
1606 1273 1649 1306 fig.
1669 1273 1693 1299 5.
1729 1273 1881 1306 Philippi
1901 1273 1918 1298 l.
1938 1282 1958 1299 c.

351 1316 524 1342 Phasianella
547 1324 610 1350 pag.
628 1316 669 1342 22.
693 1316 757 1342 Tab.
777 1316 800 1341 4.
826 1315 870 1348 fig.
893 1315 1001 1341 17-20.
1039 1315 1200 1341 Schrenck
1220 1315 1237 1341 l.
1257 1323 1278 1341 c.
1299 1323 1361 1349 pag.
1380 1315 1439 1341 366.

248 1377 376 1418 Species
406 1377 520 1408 habitu
550 1377 714 1407 variabilis
746 1376 850 1407 colore
882 1376 1070 1416 plerumque
1102 1386 1201 1415 opaco
1233 1377 1265 1405 et
1287 1375 1432 1413 obscum,
1464 1375 1495 1406 in
1527 1375 1620 1406 litore
1651 1374 1789 1415 Capensi
1811 1375 1958 1415 frequen-

92 1433 226 1463 tissima.
274 1432 488 1463 Conferantur
513 1443 595 1472 quae
619 1432 657 1462 de
681 1432 741 1463 hac
764 1434 796 1462 et
819 1432 1029 1462 antecedente
1062 1431 1167 1470 specie
1191 1442 1209 1461 a
1233 1430 1307 1461 clar.
1333 1431 1371 1461 de
1397 1430 1560 1462 Schrenck
1583 1430 1740 1461 uberrime
1764 1430 1850 1462 dicia
1872 1433 1956 1462 sunt.

892 1625 1162 1671 Turbinacea.

836 1744 961 1779 Genus
986 1745 1111 1779 Turbo
1135 1745 1216 1779 Lin.

734 1817 869 1854 Turbo
901 1826 1108 1854 cornutus
1139 1823 1312 1854 Gmelin.

297 1890 368 1923 Syst.
388 1889 452 1915 Nat.
473 1889 512 1915 ed.
535 1889 574 1916 13.
595 1897 658 1923 pag.
678 1889 754 1916 3593.
794 1890 926 1916 Chemn.
955 1890 1052 1916 Conch.
1083 1889 1147 1916 Cab.
1172 1889 1224 1916 vol.
1250 1890 1272 1915 5.
1300 1897 1362 1922 pag.
1384 1889 1440 1915 193.
1465 1889 1531 1915 Tab.
1552 1889 1610 1916 179.
1638 1889 1682 1922 fig.
1711 1889 1784 1915 1779.
1810 1890 1883 1916 1780.
1921 1890 1956 1915 Os

348 1934 508 1965 argenteum
528 1934 677 1958 cornutum.
717 1932 850 1962 „Cochlea
863 1933 964 1958 lunaris
987 1932 1159 1964 viridescens,
1179 1932 1303 1958 cornibus
1322 1939 1368 1957 seu
1383 1931 1529 1957 muricibus
1543 1932 1630 1957 acutis
1644 1931 1803 1964 imbricatis,
1814 1932 1839 1957 iu
1854 1932 1956 1958 anfrac-

346 1975 422 2000 tuum
443 1974 565 2007 margine
585 1977 736 2001 coronata.¹‘

244 2035 336 2066 Hanc
360 2035 521 2066 cochleam
545 2036 717 2066 admodum
742 2036 927 2066 variabilem
959 2036 990 2066 in
1020 2035 1100 2066 mari
1131 2035 1287 2074 Japonico
1318 2034 1576 2073 vulgatissimam
1609 2035 1682 2065 clar.
1716 2034 1854 2065 Lisehke
1883 2035 1954 2075 Jap.

89 2090 130 2121 M.
158 2089 279 2122 Coneh.
304 2090 365 2121 vol.
393 2091 419 2121 1.
444 2101 517 2130 pag.
542 2090 582 2121 87
607 2093 641 2121 et
664 2091 729 2121 Vol.
755 2091 783 2121 2.
808 2101 880 2131 pag.
906 2090 957 2121 81.
981 2091 1140 2121 uberrime
1163 2090 1325 2121 trafflwit.

241 2154 345 2186 Multa
375 2155 549 2195 specimina
579 2156 709 2185 exstant
740 2154 927 2194 praesertim
959 2165 1056 2194 prope
1088 2153 1189 2184 Tokio
1220 2153 1313 2191 lecta,
1344 2153 1501 2184 nonnulla
1532 2153 1652 2183 mutica
1684 2153 1832 2184 cornibus
1861 2154 1954 2194 plane

88 2209 321 2241 deficientibus.
369 2210 417 2240 Ad
441 2210 524 2240 hanc
547 2210 735 2240 varietatem
766 2209 872 2240 Turbo
896 2209 1073 2249 Japonicus
1107 2209 1222 2240 Reevei
1252 2210 1338 2239 cerlo
1370 2209 1519 2248 pertinet,
1550 2218 1643 2247 quem
1674 2208 1843 2239 Adamsius
1874 2209 1954 2240 adeo

88 2275 159 2296 cum
182 2265 245 2296 alia
268 2265 409 2296 secfiione
433 2265 610 2305 conjunxit.

243 2328 447 2368 Exemplaria
469 2328 566 2359 maris
589 2327 735 2359 Sinensis
758 2327 944 2368 plerumque
968 2327 1133 2368 sculpiura
1156 2327 1315 2368 asperiore
1338 2329 1370 2358 et
1394 2327 1543 2358 cornibus
1574 2327 1773 2358 brevioribus
1804 2326 1954 2358 conferti-

88 2383 198 2415 oribus
222 2383 400 2415 imbricatis
424 2383 595 2419 excellunt,
619 2383 652 2413 in
675 2382 841 2422 Japonicis
865 2385 977 2413 contra
1001 2393 1121 2414 cornua
1145 2383 1177 2413 in
1201 2382 1347 2413 anfractu
1371 2382 1485 2413 ultimo
1509 2382 1655 2422 longiora
1671 2384 1702 2413 et
1718 2382 1870 2413 tubulosa
1887 2393 1954 2413 esse

88 2438 193 2470 solent
217 2440 249 2469 et
271 2439 374 2478 magis
397 2438 528 2470 distant.
575 2438 632 2469 Est
663 2448 791 2478 quoque
815 2438 984 2469 discrimen
1012 2438 1080 2468 leve
1103 2437 1186 2468 inter
1218 2437 1376 2478 opercula.
1422 2437 1457 2468 In
1490 2437 1629 2468 Turbine
1661 2439 1794 2469 cornulo
1826 2437 1953 2468 Sinensi

87 2493 173 2524 color
196 2494 390 2525 viridescens
413 2496 445 2525 et
469 2493 650 2531 subfuscus,
675 2493 708 2523 in
733 2493 888 2533 Japonico
912 2493 1015 2524 albus.
1062 2493 1231 2524 Praeterea
1263 2493 1355 2524 fovea
1384 2493 1544 2532 anguinea
1573 2493 1759 2533 profundior
1790 2495 1819 2523 ef
1844 2504 1952 2533 super-

86 2548 173 2579 ficies
197 2549 337 2588 asperior
361 2551 418 2580 est.

242 2603 348 2635 Turbo
373 2606 526 2635 cornutus
550 2604 581 2634 in
605 2604 743 2644 Japonia
769 2602 927 2643 „Sazaye“
955 2603 1149 2634 nominatur.
