2317 3387
1151 269 1383 301 —156—

993 354 1159 386 Patella
1187 357 1370 387 toreuma
1401 355 1543 386 Reeve.

558 421 653 448 Conch.
673 421 740 489 iflpn13
758 421 817 448 Par.
837 429 905 455 spec.
925 422 964 448 69.
1002 422 1148 448 Lisehke
1171 422 1230 457 Jap.
1251 423 1284 449 M.
1304 422 1400 449 Conch.
1420 422 1469 448 vol.
1492 424 1512 448 1.
1532 429 1594 456 pag.
1620 422 1675 448 109.
1695 422 1759 449 Tab.
1778 422 1801 449 8.
1821 422 1865 456 fig.
1887 423 1992 450 12—15.
2013 424 2062 450 vol.
2082 424 2105 451 2.
2125 432 2187 458 pag.

609 464 663 490 102.
706 472 720 489 a
743 485 747 490 .
767 464 789 490 6.
808 464 852 497 fig.
874 464 911 491 12.

506 524 601 555 Plura
624 524 795 564 specimina
817 527 947 556 exstant
970 535 1064 566 prope
1087 525 1247 566 Nagasaki
1271 527 1303 556 et
1325 525 1425 556 Tokio
1448 524 1538 556 lecta.

963 619 1123 650 Patella
1153 619 1401 650 amussitata
1431 619 1567 650 Reeve.

557 685 653 712 Conch.
672 685 737 712 icon.
757 685 817 712 Pat.
837 694 904 720 spec.
924 686 964 712 83.
1001 686 1170 712 Schrenck
1190 685 1316 720 NordJap.
1337 686 1408 712 Moli.
1428 694 1489 720 pag.
1508 686 1548 712 30.
1568 685 1633 712 Tab.
1654 686 1692 712 14.
1711 686 1755 719 fig.
1775 687 1798 712 4.
1813 686 1836 712 5.
1855 693 1909 712 var.
1929 686 2009 712 elata.
2042 686 2188 712 Lischke

607 727 666 762 Jap.
688 729 720 755 M.
741 727 837 755 Conch.
857 728 906 755 vol.
928 729 949 755 1.
968 736 1029 762 pag.
1050 728 1106 755 109.
1126 729 1175 755 vol.
1195 728 1218 755 2.
1237 736 1297 763 pag.
1321 728 1375 755 100.
1395 728 1459 755 Tab.
1479 729 1502 755 6.
1522 730 1566 762 fig.
1586 729 1676 756 7—11.

505 788 600 819 Plura
622 789 794 829 specimina
816 792 945 820 exstant
968 789 1078 821 iisdem
1101 789 1179 821 locis
1203 789 1343 820 collecta.

505 843 585 874 Clar.
619 843 754 876 Lischke
787 845 868 876 hanc
899 845 1034 886 speciem
1069 845 1163 876 maris
1191 845 1337 886 Japonici
1370 837 1622 885 vulgatissimam
1656 845 1835 876 accuratius
1871 846 2023 877 tractavit
2056 845 2188 886 ejusque

354 899 571 940 synonymiam
596 900 784 931 emendavit.

955 968 1117 1000 Patella
1146 968 1381 1009 clypeaster
1412 968 1578 1000 Lesson.

555 1036 624 1062 Zool.
644 1036 707 1069 Voy.
727 1035 758 1061 de
778 1036 804 1062 la
823 1036 941 1070 Coquille
960 1044 1022 1070 pag.
1042 1036 1100 1063 419.
1139 1037 1245 1062 Reeve
1264 1035 1361 1062 Conch.
1381 1036 1446 1062 icon.
1466 1036 1515 1062 vol.
1535 1035 1558 1062 8.
1577 1043 1644 1069 spec.
1664 1035 1705 1062 38.
1724 1035 1788 1062 ibid.
1808 1043 1875 1069 spec.
1891 1036 1929 1062 15.
1943 1036 2048 1061 nomine
2067 1035 2188 1062 Patellae

605 1086 724 1112 cupreae.
760 1079 901 1105 Patella
920 1081 1110 1112 argentata
1129 1079 1206 1106 Sow.
1225 1079 1294 1106 Zool.
1313 1078 1341 1104 of
1361 1078 1424 1113 Cap.
1446 1079 1619 1112 Beechey’s
1639 1078 1702 1112 Voy.
1722 1079 1793 1105 Moli.
1814 1086 1874 1112 pag.
1896 1079 1952 1105 148.
1974 1078 2038 1104 Tab.
2053 1078 2093 1105 39.
2106 1078 2150 1112 fig.
2165 1079 2187 1106 7.

503 1139 587 1170 Haec
620 1140 739 1180 species
773 1140 943 1180 singularis
967 1140 999 1171 in
1023 1140 1113 1171 litore
1148 1139 1288 1171 Chilensi
1311 1151 1359 1170 ex.
1383 1150 1428 1180 gr.
1455 1150 1552 1180 prope
1582 1139 1704 1170 Arauco
1734 1139 1867 1180 aliisque
1901 1139 1978 1171 locis
2001 1139 2086 1171 haud
2108 1150 2188 1177 rara,

350 1195 467 1236 pariter
490 1195 522 1226 in
546 1195 616 1226 sinu
641 1194 855 1227 Californiano
884 1196 1053 1227 invenitur.
1099 1194 1180 1226 Clar.
1204 1195 1242 1226 de
1265 1194 1425 1226 Schrenck
1448 1206 1515 1226 eam
1539 1205 1595 1235 pro
1618 1194 1746 1226 cochlea
1769 1205 1895 1236 quoque
1917 1195 2071 1236 Japonica
2093 1205 2190 1235 prope

352 1250 517 1282 Hakodate
540 1251 622 1282 lecta
644 1252 847 1282 enumeravit.
892 1251 978 1282 Inter
999 1250 1152 1282 Mollusca
1175 1253 1284 1282 nostra
1305 1251 1460 1292 Japonica
1482 1250 1686 1282 desideratur.

939 1345 1098 1376 Patella
1128 1344 1428 1376 stellaeformis
1459 1344 1598 1376 Reeve.

556 1412 630 1439 Proc.
650 1412 718 1438 Zool.
739 1413 794 1438 Soc.
817 1412 888 1438 1842.
926 1412 1022 1439 Conch.
1042 1412 1111 1445 syst.
1131 1412 1195 1438 Tab.
1218 1412 1272 1438 136.
1292 1412 1336 1445 fig.
1355 1411 1378 1438 3.

503 1473 625 1504 Patella
657 1476 837 1514 pentagona
871 1473 963 1504 Born.
998 1472 1094 1512 (Test.
1126 1473 1206 1504 Mus.
1238 1473 1326 1505 Caes.
1357 1473 1448 1504 Vind.
1480 1483 1550 1514 pag.
1582 1473 1654 1503 421.
1686 1472 1762 1503 Tab.
1796 1472 1844 1503 18.
1876 1473 1927 1512 fig.
1952 1473 1980 1502 4.
2005 1472 2059 1508 5.),
2095 1483 2191 1512 quam

350 1529 491 1561 Reevens
525 1530 624 1561 serius
648 1530 758 1561 citavit
789 1529 919 1569 (Conch.
944 1529 1025 1560 icon.
1049 1529 1118 1560 Pat.
1143 1541 1224 1570 spec.
1248 1528 1324 1568 48.)‚
1348 1539 1411 1560 non
1435 1529 1631 1569 respicienda
1653 1531 1711 1567 est,
1735 1539 1804 1559 cum
1829 1528 1948 1568 species
1981 1528 2071 1559 valde
2094 1527 2191 1559 dubia

350 1588 381 1617 et
405 1588 584 1617 monstrosa
613 1596 681 1617 esse
711 1585 864 1616 videatur.
912 1585 957 1616 De
980 1585 1162 1626 synonymis
1195 1585 1318 1616 vitiosis
1341 1585 1381 1616 ab
1406 1584 1555 1616 Adamsio
1578 1584 1599 1615 l.
1623 1595 1648 1615 c.
1672 1595 1743 1625 pag.
1774 1584 1846 1615 369.
1870 1584 1976 1616 allatis
2011 1583 2191 1615 conferatur

351 1641 486 1673 Lischke
508 1641 576 1683 Jap.
601 1641 642 1672 M.
668 1641 784 1672 Conch.
810 1641 870 1672 vol.
898 1642 923 1671 1.
949 1651 1019 1681 pag.
1047 1641 1116 1672 114.

503 1697 607 1729 Unum
631 1698 786 1737 specimen
812 1697 885 1727 clar.
909 1696 1017 1728 Satow
1041 1697 1137 1728 misit.

1003 1781 1166 1813 Patella
1196 1781 1360 1822 pallida
1391 1781 1532 1813 Gould.

553 1851 626 1877 Proc.
653 1850 725 1875 Bost.
751 1850 806 1876 Soc.
830 1849 893 1876 Nat.
919 1850 988 1876 Hist.
1008 1849 1058 1876 vol.
1078 1850 1100 1875 7.
1120 1857 1181 1883 pag.
1206 1849 1261 1875 162.
1298 1849 1369 1876 Pat.
1397 1848 1602 1875 Lainanonii
1631 1848 1797 1874 Schrenck
1827 1847 1922 1874 Reisen
1947 1847 2001 1873 und
2027 1847 2133 1873 Forsch.
2154 1848 2190 1873 im

604 1893 703 1919 Amurl.
723 1892 772 1918 vol.
792 1893 814 1918 2.
835 1901 896 1926 pag.
915 1893 975 1918 303.
995 1892 1058 1918 Tab.
1081 1893 1118 1918 14.
1139 1892 1182 1925 fig.
1203 1892 1276 1918 6—9.
1299 1891 1410 1926 (optime
1428 1892 1563 1926 descripta
1581 1894 1609 1917 et
1629 1891 1754 1925 depicta).

502 1955 586 1986 Mare
609 1954 797 1995 Japonicuni
823 1954 1078 1994 septentrionale.

503 2009 629 2051 Species
652 2010 786 2050 insignis
809 2013 893 2041 testa
915 2009 1016 2041 solida
1039 2009 1130 2040 valde
1153 2009 1235 2040 elata
1257 2008 1386 2048 oblique
1409 2008 1529 2046 conica,
1552 2008 1649 2040 costis
1671 2007 1791 2039 scabris
1807 2007 2029 2048 inaequalibus
2045 2006 2084 2038 ab
2102 2006 2191 2046 apice

351 2066 548 2098 acutiusculo
571 2065 769 2098 radiantibus
793 2067 958 2097 instructa.
1006 2064 1098 2097 Color
1122 2065 1250 2096 nativus
1272 2064 1393 2095 lacteus
1408 2066 1466 2102 est,
1482 2064 1536 2095 sed
1559 2064 1685 2104 saepius
1707 2063 1878 2094 subviridis
1901 2062 2060 2094 invenitur
2075 2073 2091 2093 e
2108 2061 2192 2093 Con-

350 2122 443 2154 servis
466 2124 563 2153 ortus.

510 2178 605 2209 Plura
627 2177 799 2218 specimina
823 2179 960 2214 exstant,
984 2176 1096 2207 habitu
1120 2175 1210 2206 valde
1233 2176 1389 2207 variantia
1412 2186 1508 2216 prope
1530 2175 1697 2206 Hakodate
1718 2175 1809 2206 lecta.

503 2234 667 2265 Praeterea
705 2234 777 2264 clar.
818 2233 935 2264 Adnms
970 2232 988 2263 l.
1020 2243 1044 2263 c.
1076 2234 1112 2262 ut
1145 2232 1264 2272 species
1307 2231 1478 2272 Japonicas
1524 2231 1661 2262 Patellas
1698 2230 1942 2261 testudinariam
1974 2232 2006 2261 et
2039 2229 2189 2260 rusticam

351 2289 482 2321 Linnaei
505 2289 709 2321 enumeravit.
754 2289 811 2320 Illa
836 2289 865 2319 in
891 2290 998 2319 nostra
1020 2287 1245 2318 Molluscorum
1278 2287 1503 2328 Japonicorum
1537 2286 1722 2318 collectione
1753 2286 1956 2317 desideratur.
2003 2284 2094 2323 Quod
2117 2295 2190 2316 vero

349 2346 465 2377 attinet
488 2345 527 2376 ad
551 2345 703 2376 Patellam
726 2345 877 2376 rusticam
894 2345 962 2375 Lin.
988 2343 1079 2384 (Mus.
1104 2342 1182 2374 Lud.
1200 2342 1262 2373 Ulr.
1280 2353 1351 2382 pag.
1376 2342 1447 2373 694.
1472 2354 1513 2367 Ξ
1536 2342 1658 2374 Patella
1682 2340 1807 2383 (Lepas)
1833 2341 1938 2373 indica
1961 2341 2052 2372 Mart.
2070 2340 2188 2371 Conch.

351 2401 425 2433 Cab.
451 2401 511 2433 vol.
537 2402 563 2432 1.
587 2402 639 2440 fig.
663 2401 727 2440 49.)
753 2401 928 2432 notandum
951 2402 1009 2437 est,
1032 2399 1114 2430 hanc
1137 2399 1273 2440 speciem
1305 2409 1453 2438 magnam
1484 2398 1649 2438 hucusque
1671 2397 1703 2428 in
1728 2397 1852 2429 Africae
1884 2399 2011 2428 tantum
2041 2396 2189 2428 australis

349 2458 449 2495 litore.
473 2457 664 2489 Patellarum
689 2457 857 2488 multarum
882 2456 1007 2496 regione
1031 2455 1156 2493 eximia,
1180 2456 1336 2495 repertam
1353 2465 1431 2492 esse,
1448 2456 1639 2494 quapropter
1655 2464 1731 2485 num
1748 2453 1971 2485 determinatio
1995 2452 2191 2484 Adamsiana

350 2516 433 2544 recta
456 2513 497 2544 sit
520 2513 739 2551 dubitaverim,
764 2523 799 2543 eo
822 2511 934 2551 magis,
958 2522 1029 2542 cum
1052 2510 1206 2541 Patellam
1229 2510 1404 2550 piperatam
1432 2509 1536 2541 Gould
1560 2511 1591 2540 et
1614 2509 1805 2540 Luzonicam
1822 2509 1934 2547 Reeve,
1960 2508 2081 2550 species
2098 2507 2189 2539 valde

350 2569 488 2600 diversas
512 2580 582 2600 cum
612 2580 648 2599 ea
676 2568 885 2608 conjunxerit.
932 2567 977 2598 De
1008 2566 1129 2597 Patella
1159 2566 1276 2597 rustica
1309 2565 1447 2596 maxima
1477 2565 1559 2596 inter
1590 2565 1759 2605 scriptores
1782 2567 1831 2596 est
1855 2564 2009 2596 confusio.
2055 2563 2098 2595 Ut
2120 2574 2190 2595 mea

349 2624 408 2656 fert
430 2624 537 2665 opinio
561 2623 765 2655 Schroeterus
788 2623 870 2654 hanc
892 2623 1027 2663 speciem
1050 2622 1267 2653 Linnaeanam
1290 2620 1474 2661 recognovit
1490 2622 1521 2652 et
1536 2620 1678 2652 Reeveus
1702 2631 1770 2652 eam
1787 2621 1819 2652 in
1837 2620 1955 2652 Conch.
1980 2621 2062 2651 icon.
2087 2619 2139 2659 fig.
2158 2618 2187 2650 8.

349 2680 468 2721 optime
491 2680 670 2711 illustravit.
