2379 3382
917 279 955 284 -..
1001 261 1042 293 89
1087 279 1128 283 -.

757 347 916 378 Eulima
947 347 1128 378 eburnea
1158 345 1194 376 A.
1227 345 1292 377 Ad.

253 417 349 449 Testa
366 417 517 449 subulata
540 416 701 458 paululum
726 416 817 453 flexa,
842 415 986 453 solidum,
1011 415 1159 453 eburnea,
1182 413 1379 446 anfractibus
1395 415 1518 446 octonis
1535 414 1682 455 planatis,
1702 414 1814 445 ultimo
1831 424 1947 453 magno

97 473 168 505 basi
184 473 357 505 rotundato
374 473 548 511 instrueta;
573 474 720 512 apertura
736 473 848 503 ovata:
867 470 1031 502 columella
1048 469 1255 508 rectiuseula3
1278 469 1403 500 labrum
1419 471 1557 500 acutum.
1577 488 1616 491 —
1634 469 1696 500 Alt.
1715 470 1744 506 6,
1762 469 1816 500 lat.
1831 468 1851 499 2
1869 467 1946 499 mill.

253 527 447 559 Tsu-shima.

302 608 469 640 Praeterea
492 609 510 639 l.
536 608 554 639 l.
580 602 820 639 enumerantur:

759 675 920 707 Eulima
949 675 1126 706 robusta
1159 674 1194 705 A.
1228 674 1291 706 Ad.

254 719 471 750 Mino-shima.

729 761 881 792 Eulima
913 761 1165 802 pinguicula
1195 761 1230 791 A.
1264 760 1327 791 Ad.

255 804 474 837 Mino-shima.

749 847 912 878 Eulima
942 846 1139 877 mundula
1170 846 1204 876 A.
1238 845 1301 876 Ad.

253 891 445 923 Tsu-shima.

735 932 892 964 Eulima
922 931 1152 963 aciczularis
1182 930 1217 961 A.
1251 931 1312 962 Ad.

259 976 475 1009 Mino-shima.

791 1018 952 1049 Eulima
983 1017 1098 1049 flexa
1129 1018 1164 1048 A.
1198 1017 1262 1048 Ad.

256 1062 475 1094 Mino-shima.

744 1103 904 1134 Eulima
934 1103 1144 1135 reclinata
1175 1103 1209 1134 A.
1244 1103 1304 1134 Ad.

255 1148 449 1180 Tsu-shima.

718 1190 875 1222 Eulima
903 1192 1166 1221 stenostoma
1197 1188 1232 1219 A.
1266 1187 1329 1218 Ad.

255 1235 279 1266 T
289 1234 454 1266 su—shima.

741 1276 901 1307 Eulima
931 1276 1148 1307 semitorta
1177 1274 1212 1305 A.
1245 1274 1309 1305 Ad.

264 1320 458 1352 Tsu-shima.

710 1362 867 1393 Eulima
899 1360 1182 1401 dentaliopsis
1215 1359 1250 1390 A.
1282 1359 1347 1390 Ad.

261 1406 390 1437 Fretum
415 1405 600 1437 Coreanum.

748 1447 909 1478 Eulima
941 1447 1142 1487 angulata
1176 1446 1211 1477 A.
1246 1446 1309 1477 Ad.

256 1492 480 1524 Tabu-shima.

778 1533 942 1564 Eulima
972 1533 1113 1564 valida
1144 1534 1178 1563 A.
1211 1532 1276 1563 Ad.

260 1578 478 1610 Mino—shima.

724 1620 885 1651 Eulima
914 1619 1171 1650 odontoidea
1202 1618 1239 1649 A.
1274 1618 1338 1649 Ad.

257 1664 477 1696 Mino-shima.

719 1705 880 1738 Eulima
909 1705 1172 1746 chrysallida
1205 1705 1240 1735 A.
1273 1704 1337 1735 Ad.

260 1749 480 1782 Mino-shima.

776 1792 936 1823 Eulima
967 1791 1127 1823 debilis
1159 1792 1194 1821 A.
1227 1790 1291 1821 Ad.

257 1836 478 1868 Mino-shima.

740 1878 899 1910 Eulima
929 1877 1149 1909 indeflexa
1179 1877 1215 1908 A.
1247 1877 1312 1908 Ad.

262 1922 480 1954 Mino-shima.

457 1962 459 1973 '
778 1963 938 1995 Eulima
967 1963 1120 1994 scitula
1150 1962 1185 1993 A.
1217 1963 1282 1993 Ad.

259 2008 483 2039 Tabu-shima.

259 2077 392 2108 Postero
416 2079 557 2117 tempore
581 2078 665 2107 certo
689 2075 818 2106 nomina
841 2074 935 2106 huius
958 2075 1007 2105 vel
1031 2074 1116 2106 illius
1141 2075 1256 2115 speciei
1273 2077 1307 2106 ut
1325 2075 1572 2115 exstinguantur
1595 2086 1611 2105 e
1634 2076 1804 2115 systemate
1827 2084 1958 2105 necesse

100 2134 171 2172 erit,
187 2134 215 2165 si
232 2133 328 2164 modo
352 2143 461 2164 omnes
485 2132 680 2163 Eulimarum
703 2133 805 2162 testae
829 2131 1006 2172 descriptae
1021 2133 1086 2161 tam
1104 2133 1246 2162 recentes
1269 2142 1364 2171 quam
1389 2130 1512 2162 fossiles
1536 2131 1716 2162 accuratius
1739 2131 1956 2171 perscrutatae

102 2192 198 2230 atque
221 2191 428 2230 comparatae
450 2188 576 2220 fuerint.

817 2279 940 2313 Genus
963 2279 1062 2319 Niso,
1084 2278 1206 2312 Risso.
1220 2279 1248 2318 *)

781 2357 877 2390 Niso
907 2358 1156 2398 interrupta
1186 2356 1283 2388 Sow.

310 2428 387 2454 Thes
409 2426 505 2454 Conch.
525 2426 576 2453 vol.
595 2426 618 2453 2.
638 2434 699 2460 pag.
718 2426 775 2452 801.
796 2425 860 2452 Tab.
882 2426 937 2452 170.
957 2426 1001 2458 fig.
1020 2425 1043 2451 9.
1081 2424 1235 2451 Bonellia
1253 2423 1344 2450 Desh.
1366 2424 1395 2450 A.
1416 2423 1468 2450 Ad.
1490 2424 1555 2450 Ann.
1576 2425 1625 2450 etc.
1647 2424 1708 2450 Oct.
1731 2425 1803 2451 1861.
1817 2432 1878 2458 pag.
1901 2425 1959 2451 306.

366 2471 405 2496 De
426 2469 513 2496 incola
531 2470 620 2495 testae
640 2469 685 2495 cfr.
705 2468 769 2494 ibid.
789 2477 823 2494 m.
842 2469 903 2502 Apr.
926 2469 1000 2495 1862.
1019 2476 1081 2502 pag.
1101 2468 1159 2494 295.

263 2531 485 2568 Mino-shima‚
510 2530 720 2562 Simonoseki.
766 2529 888 2561 Pariter
911 2531 943 2561 in
968 2529 1111 2561 Amerina
1135 2529 1268 2561 centrali
1291 2529 1440 2561 obvenire
1463 2529 1588 2560 dicitur.

262 2633 286 2667 *ὶ
306 2633 342 2659 At
361 2633 467 2659 veroin
488 2630 611 2659 Nereidis
635 2632 706 2658 Neso
731 2634 911 2662 enumeratur,
936 2631 997 2657 hinc
1023 2632 1118 2659 melius
1143 2632 1214 2657 Neso
1239 2634 1362 2657 monente
1394 2631 1591 2657 Herrmannsen
1617 2630 1673 2656 Ind.
1699 2638 1759 2663 geu.
1780 2630 1842 2657 Mal.
1862 2630 1914 2657 vol.
1934 2630 1957 2656 2.

103 2684 164 2710 pag.
191 2675 247 2703 122.

184 2732 305 2764 Dunker,
324 2731 396 2758 Mon.
416 2730 476 2765 Jap.
496 2739 560 2758 mar.
1668 2721 1705 2751 12
