2379 3382
909 272 950 276 .-.
999 253 1070 285 131ι
1104 271 1146 276 -.

95 342 180 373 haud
205 341 358 380 innotuit,
383 340 437 372 sed
461 340 606 381 suspicor
629 339 781 371 umbilico
806 339 934 370 Veneris
957 339 1060 370 simile
1083 349 1161 377 esse,
1185 340 1222 370 ut
1244 339 1393 379 opercula
1416 339 1566 370 Tui-binis
1590 340 1698 379 rugosi
1724 350 1742 370 a
1766 339 1954 379 pharmaco-

95 397 175 438 logis
199 397 362 437 quondam
386 396 553 427 nominata
575 397 660 426 sunt.

250 451 433 493 Specimina
455 451 584 492 juniora
608 450 681 491 plus
704 450 849 481 minusve
872 449 958 480 laesa
982 449 1056 480 clar.
1080 449 1108 479 J.
1134 448 1223 479 Rein.
1242 459 1280 479 ex
1300 449 1412 479 itinere
1429 449 1584 490 Japanico
1601 450 1719 481 retulit.
1766 450 1953 491 Nuper-rime

95 508 168 539 clar.
194 507 305 539 Satow
330 507 491 548 specimen
514 506 659 537 adultum
683 505 771 536 misit
793 504 1016 544 magnitudine
1039 503 1189 534 Turbinis
1213 503 1322 543 rugosi
1345 505 1484 544 grandis.

913 635 1135 680 Liotiaoea.

823 725 948 759 Genus
971 725 1096 760 Liotia
1119 725 1233 768 Gray.

812 803 955 834 Liotia
990 804 1116 844 pilula
1149 803 1237 834 Dkr.

303 857 375 883 Moll.
395 857 455 891 Jap.
475 865 536 891 pag.
558 857 597 883 19.
618 857 682 883 Tab.
703 858 726 883 3.
746 858 791 890 fig.
811 859 834 884 7.
856 857 956 891 (magu.
977 858 1077 891 aucta).

250 905 348 937 Plura
371 905 545 946 specimina
576 916 661 936 nunc
685 907 815 937 exstant
838 906 930 945 nigra
953 907 985 937 et
1008 906 1185 946 sanguinea
1207 904 1247 935 ad
1271 904 1458 935 umbilicum
1482 905 1572 943 alba3
1602 906 1786 945 ce'reroquin
1818 906 1957 947 descrip-

93 961 175 993 tioni
204 972 294 992 meae
326 961 424 1001 priori
454 961 498 992 nil
528 961 641 998 habeo,
673 961 759 1001 quod
789 961 905 992 addere
933 961 1063 1001 possim.
1110 960 1280 992 Cochleola
1304 960 1466 991 Collonias
1491 961 1521 991 iu
1547 963 1685 992 mentem
1709 964 1845 1000 revocat,
1870 973 1955 1001 quae

94 1027 168 1048 vero
191 1018 268 1047 sunt
291 1015 524 1057 imperforatae.

646 1084 780 1116 Liotia
809 1087 962 1117 armata
992 1084 1026 1116 A.
1058 1084 1198 1115 Adams
1235 1084 1400 1125 (Arene).

302 1152 369 1177 Ann.
389 1151 461 1184 Mag.
481 1151 556 1185 Sept.
578 1150 652 1177 1861.
671 1159 736 1185 pag.
754 1151 813 1178 243.

252 1212 381 1243 Fretum
407 1211 594 1243 Coreanum.

251 1268 375 1299 Liotiae
398 1268 574 1299 muricatae
596 1267 751 1308 Humphr.
777 1270 915 1308 cognata
938 1270 996 1299 est.

634 1353 773 1384 Liotia
805 1353 1175 1384 semiclathratula
1205 1352 1419 1383 Schrenck.

306 1420 407 1446 Bullet.
427 1419 458 1445 de
478 1419 579 1446 l'Acad.
600 1420 663 1454 imp.
684 1419 716 1446 de
737 1420 776 1446 St.
797 1419 917 1446 Petersb.
938 1420 988 1445 vol.
1008 1420 1031 1446 4.
1052 1427 1113 1453 pag.
1133 1420 1191 1445 410.
1228 1419 1329 1445 Amurl.
1356 1419 1406 1445 vol.
1427 1419 1449 1445 ⁶2.
1475 1428 1535 1453 pag.
1555 1420 1612 1446 370.
1638 1421 1703 1447 Tab.
1726 1422 1763 1448 16.
1783 1422 1828 1455 fig.
1850 1422 1958 1449 16—25.

254 1481 383 1512 Fretum
408 1480 628 1521 Sangarionm,
654 1480 744 1521 Algis
768 1480 920 1512 insidens.
967 1480 1053 1511 Haec
1076 1480 1197 1520 species
1220 1483 1356 1511 venusta
1380 1479 1399 1510 l.
1424 1491 1449 1511 c.
1474 1481 1602 1512 uberius
1625 1484 1764 1514 tractata
1787 1486 1843 1515 est.

688 1582 813 1616 Genus
838 1581 1001 1625 Cynisca
1025 1581 1070 1615 H.
1094 1581 1133 1614 et
1155 1580 1199 1615 A.
1223 1580 1374 1615 Adams.

746 1659 918 1700 Cynisca
945 1660 1145 1700 Japonica
1175 1659 1210 1690 A.
1244 1660 1309 1690 Ad.

302 1727 370 1753 Anu.
391 1727 463 1760 Mag.
483 1726 556 1760 Sept.
578 1727 652 1753 1861.
673 1734 734 1761 pag.
756 1726 812 1753 244.

250 1788 382 1819 Fretum
406 1787 593 1819 Coreanum.

252 1843 388 1884 Cynisca
419 1842 661 1884 (Cyclostrema)
693 1843 864 1883 granulata
892 1843 926 1873 A.
953 1842 1010 1874 Ad.
1039 1844 1070 1874 et
1094 1842 1244 1873 australis
1274 1842 1390 1873 Kiener
1421 1843 1627 1883 (Delphinula
1651 1843 1814 1884 australis)
1839 1847 1960 1886 species

97 1901 253 1940 cognatae
277 1901 363 1930 sunt.

709 1974 834 2008 Genus
858 1972 1119 2017 Cyclostrcma
1141 1973 1342 2016 Marryatt.

667 2051 952 2092 Cyclostrema
982 2051 1132 2083 micans
1163 2051 1199 2082 A.
1233 2051 1390 2083 Adams.

305 2120 380 2145 Proc.
400 2119 471 2145 Zool.
491 2120 547 2145 Soc.
570 2119 643 2146 1850.
666 2127 728 2153 pag.
749 2119 791 2146 43.
829 2119 905 2146 Sow.
932 2119 1009 2145 Thes.
1035 2119 1086 2145 vol.
1107 2119 1130 2144 3.
1156 2126 1218 2152 pag.
1238 2118 1296 2144 250.
1321 2117 1385 2144 Tab.
1405 2118 1463 2144 255.
1490 2119 1534 2151 fig.
1556 2119 1578 2145 7.
1598 2120 1621 2145 S.
1641 2119 1681 2146 27.
1724 2120 1960 2154 Cyclostrema

356 2162 568 2196 pulchellum
589 2162 758 2188 Dkr.M011.
777 2162 837 2196 Jap.
856 2170 919 2196 pag.
939 2161 979 2188 20.
999 2161 1064 2188 Tab.
1085 2161 1107 2187 3.
1127 2161 1172 2194 fig.
1193 2161 1216 2186 5.

252 2223 277 2253 E
301 2223 515 2264 descriptione
539 2222 683 2254 Adamsii
706 2233 821 2254 manca
844 2223 935 2254 icone
958 2233 1022 2254 non
1046 2222 1208 2253 illustrata
1230 2221 1352 2261 species
1376 2221 1463 2253 nullo
1487 2222 1581 2254 modo
1605 2223 1672 2254 erui
1695 2225 1828 2264 poterat.

689 2306 970 2347 Cyclostrema
1001 2306 1212 2338 sulcatum
1243 2307 1279 2338 A.
1313 2307 1378 2338 Ad.

304 2375 379 2401 Proc.
399 2374 469 2401 Zool.
489 2375 546 2401 Soc.
568 2374 641 2401 1850.
662 2382 723 2408 pag.
743 2373 783 2400 44.
823 2374 898 2400 Sow.
919 2373 997 2400 Thes.
1016 2373 1067 2400 vol.
1088 2373 1110 2399 3.
1131 2381 1193 2407 pag.
1213 2373 1271 2400 250.
1292 2373 1357 2401 Tab.
1377 2374 1436 2400 255.
1456 2376 1501 2408 fig.
1524 2375 1563 2400 ll.
1585 2375 1623 2401 12.

254 2436 341 2467 Mare
365 2434 500 2467 Sinense
523 2437 555 2467 et
577 2435 781 2476 Japonioum,
805 2435 929 2467 insulae
952 2435 1165 2476 Philippinae.

643 2519 933 2560 Cyclostrema
964 2519 1259 2560 cinguliferum
1289 2521 1325 2552 A.
1355 2519 1416 2550 Ad.

306 2587 381 2614 Proc.
400 2587 470 2614 Zool.
491 2587 547 2614 Soc.
569 2587 643 2614 1850.
663 2595 723 2620 pag.
744 2587 785 2613 43.
823 2587 903 2613 Sow.
923 2586 1001 2613 Thes.
1021 2587 1072 2613 vol.
1093 2587 1115 2613 3.
1136 2595 1197 2621 pag.
1218 2587 1277 2614 250.
1298 2587 1363 2613 Tab.
1383 2587 1441 2613 255.
1462 2588 1506 2620 fig.
1529 2587 1567 2613 13.
1591 2587 1628 2612 14.

253 2648 341 2680 Mare
363 2648 565 2689 Japonicum,
590 2648 794 2689 Philippinae
817 2648 952 2680 insulae.
1639 2691 1707 2722 Γ*

1666 2700 1675 2722 1
