2379 3382
934 243 1081 275 —211
1132 262 1171 266 —

117 331 255 369 utraque
293 328 386 359 valva
419 328 516 359 crassi
547 339 583 360 ac
614 328 720 368 longi;
760 327 846 360 color
880 330 1032 360 externus
1065 329 1301 366 flavo-albidus,
1342 330 1475 360 maculis
1512 331 1628 370 pallide
1662 331 1738 362 rufis
1775 332 1976 372 variegatus:

116 383 288 424 epidermis
313 382 420 415 tenuis
443 383 560 423 pallide
595 393 726 422 cornea3
759 383 846 415 latus
879 384 1039 415 internum
1062 384 1210 422 lacteum,
1249 384 1308 415 sub
1332 385 1526 415 umbonibus
1556 396 1690 422 roseum,
1730 397 1838 427 margo
1862 387 1978 427 pallide

118 438 288 469 rufescens.
314 456 356 459 —
379 437 547 478 Specimen
571 439 656 479 quod
679 439 786 470 exstat
810 439 984 470 maximum
1009 439 1047 468 71
1072 438 1148 469 mill.
1173 438 1275 470 altum
1299 442 1345 469 est
1370 439 1500 479 ejusque
1524 440 1589 477 alt..
1613 440 1699 480 long.
1723 443 1755 471 et
1773 452 1866 472 crass.
1892 442 1973 472 ratio

117 494 258 524 numeris
282 493 354 530 100,
378 493 419 524 82
442 495 475 524 et
497 493 540 524 53
562 493 745 533 respondet.

273 556 310 587 In
334 556 427 587 litore
450 567 548 597 prope
571 556 701 596 Sagami
724 556 881 605 Japolniae
904 557 1075 589 invenitur.

273 620 364 651 Hanc
388 621 523 660 speciem
547 620 751 660 singularem,
775 620 879 651 amico
903 620 1073 652 Guilielmo
1096 621 1260 652 Burchard
1284 621 1473 657 dedicatam,
1497 632 1654 662 nusquam
1686 623 1763 654 alibi
1788 624 1979 664 descriptam

118 677 174 705 aut
199 675 358 715 depictam
392 675 509 706 inveni.
556 675 662 706 Valvis
694 676 998 715 compressiusculis,
1029 677 1151 716 postice
1174 676 1393 708 subtruncatis
1424 678 1558 718 ideoque
1588 677 1749 710 Limarum
1779 680 1979 719 quarundam

118 729 264 761 habitum
301 730 394 770 quasi
428 730 641 762 referentibus
672 741 730 761 nec
761 741 824 761 non
857 731 952 762 dente
983 731 1120 762 cardinis
1152 732 1184 762 in
1216 734 1350 772 utraque
1382 733 1472 763 valva
1504 733 1610 763 antico
1642 733 1749 764 valido
1777 735 1979 774 potissimum

119 785 302 825 insignitur.

710 873 901 905 Cardium
937 874 1249 906 Californiense
1283 875 1399 906 Desh.

327 950 417 975 Revue
436 949 506 976 Zool.
526 957 574 983 par
593 949 618 974 la
638 950 696 976 Soc.
716 950 892 975 (luvierienne
913 950 986 976 1839.
1007 957 1068 983 pag.
1089 950 1147 976 360.
1185 950 1283 976 Midd.
1310 942 1372 976 Mal.
1401 951 1473 978 Ross.
1500 952 1549 978 vol.
1577 953 1599 978 3.
1627 961 1686 986 pag.
1713 953 1753 979 40.
1781 953 1846 980 Tab.
1867 954 1905 979 15.
1934 952 1979 986 fig.

375 991 487 1017 23—25.
525 991 579 1018 Cfr.
599 991 748 1017 Lischkc
766 991 826 1025 Jap.
847 992 881 1018 M.
902 991 999 1018 Conch.
1019 993 1070 1018 vol.
1092 994 1113 1018 1.
1133 1000 1195 1026 pag.
1217 993 1274 1019 144.
1295 993 1346 1019 vol.
1368 993 1390 1019 3.
1412 1001 1472 1027 pag.
1494 994 1550 1020 125.

274 1051 460 1092 specimina
498 1054 626 1083 tantum
664 1052 788 1083 minora
827 1054 966 1083 exstant.
1023 1052 1175 1084 Car-dium
1214 1053 1319 1084 corbis
1357 1054 1484 1095 Martyn
1522 1055 1615 1086 Univ.
1656 1054 1774 1087 Cone-h.
1813 1055 1890 1087 Tab.
1930 1056 1981 1087 80.

116 1119 160 1134 =
185 1107 336 1139 Cardium
360 1107 509 1138 Nuttallii
533 1106 626 1138 Conr.
651 1107 772 1148 species
796 1110 934 1147 cognata
959 1110 1016 1138 est.

276 1172 461 1212 „Ishi-kage
483 1171 555 1212 gai“
581 1171 788 1211 Japanorum.

742 1269 932 1300 Cardium
967 1270 1183 1301 arenicola
1217 1269 1358 1301 Reeve.

327 1344 425 1370 Conch.
446 1345 512 1370 icon.
533 1344 582 1370 vol.
603 1344 626 1370 2.
647 1352 715 1378 spec.
737 1344 777 1370 78.
815 1343 912 1370 Card.
933 1344 1144 1370 maculosum
1165 1345 1204 1370 So
1216 1353 1244 1370 w.
1265 1353 1323 1370 nec
1343 1345 1452 1371 Wood.

275 1404 442 1445 Specimen
473 1407 618 1436 nostrum
651 1405 744 1445 plane
774 1405 923 1436 convenit
955 1416 1026 1436 cum
1058 1405 1149 1436 icone
1177 1416 1273 1446 supra
1301 1405 1432 1436 laudata
1457 1418 1474 1437 a
1498 1406 1670 1446 specimine
1693 1418 1733 1438 ex
1758 1407 1861 1438 insula
1887 1407 1982 1440 Ticao

119 1459 378 1500 Philippinarum
403 1460 558 1491 desumta.

276 1523 379 1554 Reme
402 1524 484 1554 male
507 1524 634 1563 scripsit
661 1524 905 1563 „arenicolum“.

669 1629 859 1661 Car-dium
895 1632 1193 1671 exasperatum
1228 1629 1432 1669 Sowerby.

329 1705 405 1732 Proc.
425 1705 494 1732 Zool.
516 1706 572 1732 Soc.
595 1706 668 1732 1840.
701 1705 797 1733 Conch.
820 1707 860 1733 Ill.
880 1707 925 1740 fig.
945 1706 985 1732 37.
1024 1706 1136 1732 Reeve
1156 1705 1253 1731 Conch.
1273 1705 1339 1731 icon.
1359 1705 1410 1731 vol.
1431 1705 1453 1731 2.
1474 1713 1542 1739 spec.
1564 1705 1621 1732 107.

275 1766 443 1806 Specimen
485 1767 592 1798 minus
631 1777 766 1807 opacum
801 1768 893 1808 quasi
923 1767 1095 1798 subfossile
1124 1768 1231 1797 exstat
1269 1766 1302 1796 in
1333 1765 1443 1796 Museo
1479 1765 1684 1797 Frankofurti
1715 1767 1756 1798 ad
1785 1767 1935 1799 Moenum
1966 1779 1985 1799 a

121 1821 194 1852 clar.
221 1822 255 1852 A.
281 1821 402 1853 Adams
426 1822 554 1853 nomine
578 1821 684 1853 Cardii
709 1823 882 1863 asperulati
906 1824 1064 1860 notatum,
1087 1822 1144 1853 sed
1165 1822 1267 1853 totius
1291 1823 1471 1852 structurae
1496 1821 1600 1852 indole
1624 1832 1642 1852 a
1660 1820 1774 1853 Cardio
1793 1826 1984 1863 exasperato

119 1876 283 1917 Sowerbyi
308 1877 393 1908 haud
419 1877 587 1909 diversum.

275 1941 324 1972 Ad
349 1940 576 1973 Ctenocardias
601 1941 637 1972 H.
663 1944 693 1972 et
717 1941 752 1971 A.
780 1941 899 1972 Adams
923 1942 1071 1982 pertinet.

580 2046 765 2078 Cardiam
801 2047 1031 2078 modestum
1068 2047 1103 2077 A.
1139 2047 1283 2078 Adams
1315 2050 1351 2078 et
1384 2047 1520 2078 Reeve.

330 2123 392 2156 Voy.
414 2124 574 2156 Samarang.
594 2122 663 2148 Zool.
684 2122 756 2148 Moll.
778 2130 842 2156 pag.
863 2123 903 2148 77.
923 2122 988 2149 Tab.
1008 2122 1048 2149 22.
1067 2123 1112 2156 fig.
1132 2124 1155 2148 6.

275 2183 406 2224 Species
431 2183 595 2223 sculptura
619 2194 676 2214 sua
700 2183 881 2223 singularis.
927 2182 1025 2214 Testa
1055 2183 1218 2215 tenuicula
1250 2183 1372 2223 postice
1404 2183 1630 2223 subangulata.
1662 2184 1760 2215 costis
1783 2183 1986 2216 radiantibus

119 2239 346 2270 minutissimis
381 2241 413 2270 et
447 2249 521 2270 area
557 2239 682 2279 postica
718 2238 883 2279 perspicue
917 2238 1096 2270 cancellata
1131 2240 1224 2269 acute
1259 2239 1432 2269 terminata
1470 2239 1616 2279 insignis,
1656 2239 1985 2275 cinereo—flavescens,

120 2295 230 2335 strigis
264 2294 428 2325 nonnullis
459 2294 576 2334 pallide
609 2293 707 2325 fuscis
735 2293 880 2325 evanidis
904 2295 1025 2325 notata.
1084 2293 1170 2324 Haec
1198 2293 1362 2333 sculptura
1393 2293 1490 2324 simili
1518 2294 1612 2325 modo
1642 2294 1674 2324 in
1699 2294 1913 2326 Protocardiis
1937 2295 1986 2325 in-

119 2350 259 2386 venitur,
283 2350 338 2381 sed
361 2352 473 2381 nostra
495 2349 617 2390 species
641 2349 713 2380 sinu
737 2349 825 2390 pallii
850 2359 979 2390 prorsus
1003 2351 1099 2387 caret,
1124 2359 1164 2380 ne
1187 2349 1290 2380 dicam
1315 2349 1353 2379 de
1376 2349 1520 2389 margine
1543 2349 1673 2381 omnino
1697 2349 1871 2381 crenulato.

754 2447 945 2479 Cardiam
978 2448 1178 2479 muticum
1212 2448 1349 2479 Reeve.

329 2521 433 2548 Conch.
456 2522 524 2548 icon.
544 2521 671 2548 Cardium
690 2529 760 2556 spec.
782 2522 823 2548 32.
861 2522 1020 2549 Car-dium
1047 2522 1261 2557 Japonicum
1289 2523 1365 2549 Dkr.
1402 2523 1474 2549 Moll.
1500 2523 1560 2556 Jap.
1586 2531 1647 2556 pag.
1672 2522 1713 2549 28.
1738 2522 1803 2549 Tab.
1823 2523 1846 2548 3.
1872 2523 1917 2556 fig.
1947 2523 1986 2549 16.

383 2576 417 2588 z
437 2564 464 2590 C.
490 2572 715 2598 papyraceum
741 2564 926 2591 Sehrenck.

278 2625 364 2657 Haec
387 2625 511 2666 species
533 2624 667 2665 Japanis
690 2627 738 2656 est
763 2625 855 2656 cibus
877 2625 987 2666 magni
1010 2626 1208 2657 aestimatus.
1659 2667 1729 2698 Y*

1687 2675 1697 2698 ι
