2379 3382
932 227 1078 259 —251
1129 246 1168 251 ——

903 369 1194 429 Brachiopoda.

790 475 914 510 Genus
938 476 1187 512 Terebratula
1210 478 1316 512 Luid.

646 552 920 584 Terebratula
949 555 1080 586 minor
1111 556 1214 587 Phil.
1248 559 1284 587 et
1319 556 1452 588 Suras-s.

325 619 560 645 Terebratula
591 620 705 646 vitrea
735 628 800 654 var.
833 621 942 646 minor
974 621 1061 648 Phil.
1089 622 1182 649 Enum.
1210 623 1329 650 Mollusc.
1359 624 1409 649 Sic.
1440 632 1500 658 pag.
1520 626 1560 650 99.
1588 625 1801 660 '1‘ab.«‘·.fig.s.
1841 629 1976 655 Terebia

378 662 501 688 affinis
521 663 673 689 Calcara.
706 663 838 689 Terebr.
860 663 1050 690 Davidsoni
1070 666 1102 690 A.
1121 665 1243 691 Adams
1263 666 1419 692 Proc.2001.
1437 667 1583 694 Soc.1867.
1603 670 1730 702 1›ag.3l4.
1751 670 1814 696 Tab.
1829 671 1868 696 19.
1881 672 1923 705 fig.
1938 673 1978 698 3¹).

274 722 532 754 Satanomosalzi.
578 722 613 753 A.
640 723 768 754 Adams.

738 808 1002 840 Terebratula
1032 809 1241 841 Blanfordi
1270 810 1358 842 Dkr.

832 875 896 901 Tab.
916 877 1009 902 nostra
1031 877 1069 902 14.
1089 877 1134 910 fig.
1154 877 1177 902 4.
1199 878 1221 904 5.
1242 878 1264 904 6.

272 934 368 966 Testa
391 935 550 974 laevigata
573 935 690 973 tenuis,
714 935 882 976 pessucida,
907 936 1033 967 sordide
1050 937 1123 967 alba
1139 937 1327 975 subcornea,
1345 938 1525 970 lato-ovata
1542 939 1795 981 subpentagona.
1821 945 1978 978 ventrosa.

116 991 172 1022 sed
195 990 289 1021 valva
312 990 397 1022 dorsi
420 990 513 1021 valva
537 990 658 1021 ventris
682 991 882 1030 convexiore,
906 991 1041 1022 laterum
1066 992 1169 1023 media
1192 996 1282 1033 parte
1306 996 1446 1032 arcuata,
1472 994 1541 1025 basi
1565 995 1703 1033 sinuata.
1728 996 1820 1036 plicis
1850 998 1975 1029 duabus

117 1046 190 1077 latis
214 1045 339 1077 obtusis
362 1056 380 1076 a
402 1047 505 1076 rostro
529 1045 686 1077 subacuto
710 1057 806 1077 curvo
831 1046 1074 1078 decurrentibus
1091 1047 1263 1087 insignita3
1287 1051 1435 1089 apertura
1452 1049 1589 1081 rotunda
1607 1052 1827 1090 magnitudine
1843 1053 1977 1084 modica.

117 1119 158 1123 —
182 1102 282 1142 Long.
307 1113 325 1133 a
351 1103 453 1132 rostro
477 1112 579 1141 usque
603 1101 642 1132 ad
667 1101 772 1133 sinum
796 1102 936 1133 medium
960 1102 1002 1133 30
1025 1102 1113 1141 mill.7
1137 1103 1192 1134 lat.
1216 1114 1302 1135 max.
1327 1105 1472 1143 totidem⁷
1499 1116 1593 1136 crass.
1619 1106 1668 1137 18.

270 1157 357 1188 Mare
380 1156 572 1197 Japonieum
595 1156 863 1188 mediterraneum
887 1168 984 1198 prope
1006 1157 1212 1199 Wakayama.

272 1212 358 1243 Haec
381 1211 511 1252 species,
536 1222 632 1252 quam
656 1211 771 1244 nullibi
795 1212 988 1253 descriptam
1012 1213 1153 1245 invenire
1176 1215 1277 1254 potui,
1302 1214 1403 1246 forma
1427 1226 1485 1246 sua
1516 1215 1772 1257 subpentagona.
1805 1219 1878 1249 sinu
1908 1219 1979 1260 plus·

115 1269 164 1300 vel
187 1267 294 1299 minus
317 1277 467 1307 expresso
490 1269 522 1298 et
545 1267 637 1308 plicis
660 1267 786 1298 obtusis
809 1267 848 1299 ab
873 1268 962 1308 apice
986 1268 1238 1307 decurrentibus,
1263 1270 1356 1301 basin
1380 1281 1490 1302 versus
1515 1271 1701 1303 distinctius
1726 1274 1980 1313 prominentibus

115 1324 251 1364 insignis
275 1326 331 1355 est.
378 1322 504 1354 Leviter
526 1322 673 1364 inspecta
697 1322 815 1354 formas
838 1323 1117 1355 Terebratularum
1141 1326 1297 1365 quasdam
1325 1325 1451 1357 fossiles
1483 1326 1516 1357 in
1545 1327 1729 1358 memoriam
1760 1329 1893 1368 reducit,
1924 1329 1979 1361 sed

115 1379 296 1411 accuratius
320 1389 393 1410 cum
416 1378 455 1409 iis
479 1380 665 1418 comparata
689 1378 729 1410 ab
754 1379 903 1410 omnibus
927 1380 1006 1411 satis
1029 1380 1144 1411 differt.

270 1434 486 1465 Denominata
528 1436 576 1465 est
620 1434 653 1464 in
687 1434 839 1465 honorem
876 1435 950 1466 clar.
988 1435 1035 1465 W.
1072 1434 1106 1465 T.
1149 1435 1322 1474 Blanford,
1366 1436 1591 1468 Molluscorum
1633 1439 1831 1470 terrestrium
1870 1439 1980 1471 Indiae

115 1489 322 1521 scientissimi
345 1489 596 1529 investigatoris.

726 1598 851 1633 Genus
874 1599 1165 1634 Terebratulina
1188 1599 1372 1644 Orbigny.

516 1676 826 1708 Terebratulina
859 1679 981 1718 caput
1012 1678 1224 1718 serpentis
1256 1678 1342 1709 Lin.
1373 1678 1579 1718 (Anoinia).

319 1744 390 1778 Syst.
410 1743 475 1770 Nat.
496 1743 535 1770 ed.
557 1743 598 1770 12.
618 1752 680 1778 pag.
701 1744 774 1770 1153.
813 1744 900 1770 Born
919 1745 987 1771 Mus.
1007 1753 1068 1778 pag.
1090 1745 1147 1772 119.
1167 1745 1231 1772 Tab.
1252 1746 1274 1772 G.
1295 1746 1339 1779 fig.
1363 1746 1401 1772 13.
1440 1746 1538 1772 ehem
1548 1755 1572 1773 n.
1594 1746 1690 1773 Conch.
1712 1747 1774 1774 Cab.
1798 1748 1847 1774 vol.
1871 1749 1895 1775 8.
1916 1757 1977 1783 pag.

371 1786 411 1813 72.
432 1786 496 1813 Tab.
518 1786 558 1813 78.
580 1786 625 1819 fig.
647 1787 705 1813 712.
726 1786 804 1820 (icon.
824 1786 917 1820 rudis).
955 1788 1037 1813 Sow.
1059 1787 1135 1814 Thes.
1157 1788 1253 1814 Conch.
1274 1789 1324 1814 vol.
1348 1789 1368 1815 l.
1389 1796 1450 1822 pag.
1471 1789 1529 1815 343.
1550 1789 1617 1816 Tab.
1639 1791 1678 1816 68.
1699 1790 1744 1824 fig.
1767 1791 1840 1817 1-4,

267 1847 292 1879 T
295 1848 475 1879 erebratula
493 1847 542 1879 vel
558 1847 803 1880 Terebratulina
818 1848 975 1888 Japonica
992 1848 1075 1880 Sow.
1094 1861 1112 1880 a
1128 1850 1202 1880 clar.
1220 1849 1426 1888 Davidsonio‚
1443 1861 1500 1891 pro
1513 1851 1667 1882 varietate
1687 1854 1815 1883 tantum
1833 1852 1978 1884 habetur.

268 1903 337 1935 Ter.
364 1905 462 1944 caput
484 1903 642 1944 serpentis
665 1904 787 1944 species
810 1903 907 1935 maris
931 1903 1088 1944 Europaei
1113 1905 1374 1945 septentrionalis
1397 1906 1628 1946 vulgatissima,
1653 1910 1685 1938 et
1708 1907 1740 1938 in
1761 1908 1856 1939 variis
1878 1908 1978 1949 Japo-

112 1959 184 1990 niae
207 1959 395 2000 regionibus
418 1959 560 1990 obvenit.

430 2043 750 2076 Terebratulina
781 2048 963 2085 angusta
995 2045 1030 2075 A.
1061 2045 1125 2076 Ad.
1158 2047 1195 2076 et
1222 2045 1314 2076 Rve.
1346 2045 1659 2086 (Terebratula).

319 2111 383 2144 Voy.
404 2111 506 2138 Samar.
528 2119 589 2145 pag.
612 2111 651 2138 71.
672 2111 737 2138 Tab.
758 2111 798 2138 21.
819 2112 864 2145 fig.
884 2112 907 2138 2.

267 2170 381 2202 Nescio
405 2182 447 2203 an
470 2171 513 2203 sit
536 2171 655 2213 pariter
679 2183 750 2203 cum
774 2172 879 2212 specie
902 2172 1111 2204 antecedente
1131 2172 1326 2213 jungenda?

268 2238 529 2271 Terebratulinae
552 2250 571 2271 a
593 2239 811 2272 Terebratulis
834 2241 919 2272 veris
942 2240 1100 2272 limitibus
1123 2241 1219 2272 certis
1243 2241 1422 2281 disjunctae
1446 2241 1524 2273 mihi
1549 2253 1612 2274 non
1636 2243 1794 2274 videntur.

776 2362 902 2396 Genus
925 2362 1177 2397 Waldheimia
1199 2363 1315 2406 King.

719 2439 998 2472 Waldheimia
1029 2441 1257 2482 Raphaelis
1287 2442 1387 2473 Dall.

317 2506 406 2532 Anier.
439 2505 531 2532 Journ.
563 2505 592 2532 of
613 2505 710 2533 Conch.
743 2507 794 2533 vol.
822 2507 845 2534 6,
877 2508 951 2534 1870.
984 2516 1044 2542 pag.
1072 2509 1128 2534 111.
1161 2508 1227 2536 Tab.
1250 2510 1272 2536 7.
1306 2510 1352 2542 fig.
1378 2509 1454 2535 a—·l.
1511 2509 1539 2536 T.
1569 2509 1746 2536 Davidson
1776 2519 1807 2536 οη
1834 2511 1968 2545 Japanese

371 2548 560 2582 Brachiopoda
578 2549 604 2574 in
626 2549 700 2576 Proc.
721 2549 790 2576 Zool.
812 2550 868 2577 Soc.
890 2551 964 2577 1871.
985 2559 1047 2585 pag.
1066 2551 1125 2578 303.
1145 2551 1209 2578 Tab.
1229 2552 1270 2579 31.
1290 2552 1333 2584 fig.
1354 2552 1378 2578 9.

264 2607 357 2640 Litus
379 2608 571 2650 Japonieum
595 2619 691 2651 prope
715 2609 804 2642 Jedo.
1650 2655 1716 2686 39*
