2379 3382
119 334 259 365 Neaera
288 335 424 363 nasuta
452 331 486 362 A.
513 332 573 364 Ad.
603 333 672 365 180.

114 389 260 420 Neaera
292 387 416 419 nitida
448 388 508 419 Ad.
532 391 567 420 et
589 388 672 420 Rve.
701 388 770 420 180.
805 394 812 397 “

115 445 262 476 Neaera
291 443 434 475 nobilis
461 443 496 475 A.
522 444 583 475 Ad.
610 444 679 475 180.

115 500 258 531 Neaera
288 499 602 540 Philippinensis
631 500 761 531 Hinds.
791 499 862 531 180.

118 555 265 586 Neaera
295 557 435 595 rugata
464 556 499 586 A.
524 554 584 585 Ad.
615 555 684 586 180.

114 610 325 651 Neptunea
355 610 523 650 antiqua
552 610 635 642 Lin.
668 610 718 641 14.

114 666 320 707 Neptunea
348 666 554 697 arthritiea
587 666 661 697 val.
688 666 736 697 14.

115 722 285 763 Neptunea
309 721 468 761 Cumiugii
493 721 613 752 Crosse.
640 722 687 752 14.

115 777 310 818 Nepbunea
337 778 518 817 despecta
547 777 624 808 Lin.
659 777 706 808 14.

114 833 281 874 Neptunea
305 832 530 864 fusco-lineata
553 833 660 863 Pease.
686 833 735 863 17.

116 889 314 929 Neptunea
343 888 496 919 Kelleti
524 888 678 920 Forbes.
708 889 755 919 14.

116 945 314 985 Neptunea
342 944 468 976 lurida
496 944 529 975 A.
560 945 620 975 Ad.
647 944 696 975 14.

116 1003 315 1043 Neptunea
341 1002 611 1042 pericochlion
639 1002 844 1034 Schrenck.
872 1003 920 1034 15.

116 1059 313 1099 Neptunea
343 1058 493 1099 plicata
522 1059 556 1088 A.
582 1058 645 1089 Ad.
672 1058 720 1089 14.

115 1114 248 1145 Nerita
275 1113 457 1145 albicella
483 1113 562 1144 Lin.
596 1113 666 1144 126.

117 1169 225 1201 Ner-ita
249 1169 422 1201 cancellata
445 1168 574 1200 Chemn.
602 1169 670 1200 126.

116 1225 226 1256 Ner-ita
249 1227 372 1256 costata
394 1225 536 1256 Brocchi.
563 1225 632 1256 113.

115 1281 247 1312 Ner-ita
275 1281 463 1322 Japonioa
489 1281 572 1312 Dkr.
607 1281 676 1312 1:26.

116 1337 224 1368 Nerita
246 1337 387 1368 mamilla
409 1337 478 1367 Lin.
503 1337 552 1368 62.

118 1393 227 1424 Nerita
251 1394 441 1424 marmorata
465 1392 538 1424 Rve.
566 1392 634 1424 126.

116 1449 226 1480 Nerita
249 1448 367 1489 papilla
390 1448 490 1480 Gmel.
514 1448 563 1479 63.

117 1504 224 1535 Nerita
248 1504 338 1544 pellis
360 1504 479 1544 tigrina
502 1503 632 1535 Chemn.
657 1504 706 1535 60.

118 1559 227 1591 Nerita
250 1560 321 1600 pica
344 1559 458 1591 Gould.
483 1560 552 1591 1⁵26.

115 1615 247 1647 Nerita
276 1615 399 1656 polita
428 1615 503 1646 Lin.
536 1615 604 1647 126.

118 1671 227 1703 Nerita
250 1674 384 1703 venuska
407 1672 482 1702 Dkr.
508 1671 576 1702 126.

116 1727 298 1759 Neritina
329 1728 512 1769 adspersa
542 1728 636 1759 Recl.
668 1727 738 1759 126.

117 1783 262 1815 Neritina
283 1784 399 1825 pusilla
422 1783 454 1815 C.
480 1783 514 1814 B.
540 1783 596 1814 Ad.
624 1784 692 1815 136.

116 1840 300 1871 Neverita
327 1840 449 1871 ineisa
480 1840 561 1871 Dkr.
595 1840 644 1871 62.

117 1895 298 1927 Neverita
327 1895 518 1927 Reiniana
546 1896 627 1927 Dkr.
652 1896 702 1927 62.

116 1951 295 1983 Neverita
322 1952 502 1983 vesicalis
531 1952 621 1983 Phil.
647 1953 696 1983 61.

118 2007 237 2039 Niotha
260 2007 381 2039 caelata
405 2007 440 2038 A.
464 2007 521 2038 Ad.
547 2008 596 2039 35.

118 2063 237 2095 Niotha
261 2063 421 2104 Cumingii
446 2066 480 2094 A.
513 2064 568 2095 Ad.
593 2064 643 2095 36.

118 2119 236 2150 Niotha
259 2120 451 2160 gemmulam
476 2121 509 2150 A.
539 2120 595 2150 Ad.
618 2120 668 2151 35.

119 2175 237 2206 Niotha
260 2175 477 2215 gemmulifera
500 2175 535 2206 A.
562 2175 617 2207 Ad.
642 2176 692 2207 36.

117 2231 316 2272 Niphonia
343 2231 531 2272 pulchella
561 2232 594 2262 A.
620 2232 681 2263 Ad.
714 2232 784 2264 146.

118 2287 208 2319 Niso
238 2287 414 2318 brunnea
441 2286 535 2318 Sow.
564 2288 614 2318 90.

118 2342 208 2375 Niso
236 2343 452 2384 interrupta
481 2342 571 2374 Sow.
596 2343 646 2374 89.

120 2399 315 2430 Nubecula
343 2399 566 2430 intermedia
593 2399 679 2430 Rve.
704 2400 754 2431 94.

119 2454 318 2486 Nucinella
348 2456 460 2486 ovata
487 2454 575 2485 Jeff.
604 2455 676 2486 235.

122 2510 245 2542 Nucula
268 2510 452 2551 amygdalea
475 2509 599 2541 Valenc.
623 2511 694 2542 239.

120 2566 243 2598 Nucula
266 2567 436 2597 castrensis
460 2566 569 2597 Hinds.
593 2566 663 2597 238.

121 2622 243 2653 Nucula
266 2622 440 2653 divaricata
463 2622 573 2653 Hinds.
598 2622 668 2653 238.

916 246 1149 278 —285—

1141 333 1266 365 Nucula
1288 335 1465 367 lanceola‘sa
1488 335 1568 368 Sow.
1593 336 1664 368 239.

1142 389 1292 421 Nucula
1319 391 1515 422 mirabilis
1548 392 1582 423 A.
1608 392 1668 423 Ad.
1693 395 1727 424 et
1750 393 1832 425 Rve.
1857 393 1929 425 238.

1142 444 1289 477 Nucula
1316 446 1475 486 paulula
1504 449 1540 478 A.
1564 447 1625 478 Ad.
1654 448 1725 479 238.

1142 500 1266 531 Nucula
1291 501 1372 541 pella
1395 501 1477 533 Sow.
1502 502 1572 534 238.

1142 555 1265 587 Nucula
1288 568 1440 597 pygmaea
1462 558 1579 590 Mfinst.
1604 559 1674 590 239.

1143 610 1309 643 obeliscus
1332 613 1505 644 aciculatus
1529 614 1563 644 A.
1590 615 1645 645 Ad.
1671 615 1720 646 76.

1143 667 1310 699 obeliscus
1334 668 1505 699 annulatus
1530 670 1564 700 A.
1590 671 1647 701 Ad.
1671 671 1720 702 84.

1142 722 1346 754 Obeliscus
1371 723 1562 755 balteatus
1587 726 1620 756 A.
1646 727 1707 758 Ad.
1732 728 1780 759 74.

1143 778 1308 809 Obeliscus
1332 779 1495 810 brunneus
1518 780 1553 811 A.
1579 781 1634 812 Ad.
1660 782 1709 813 76.

1143 832 1308 865 Obeliscus
1331 834 1454 865 buxeus
1479 834 1591 867 Gould.
1617 837 1666 868 76.

1143 888 1356 920 obeliscus
1385 890 1582 922 eburneus
1608 894 1641 923 A.
1669 893 1723 925 Ad.
1748 895 1796 925 74.

1143 944 1310 976 Obeliscus
1334 946 1461 985 elegans
1485 947 1519 977 A.
1546 948 1600 979 Ad.
1627 950 1675 980 76.

1143 1000 1349 1033 obeliscus
1378 1002 1555 1041 hyalinus
1583 1004 1668 1035 Dkr.
1694 1006 1742 1037 75.

1143 1056 1350 1088 Obeliscus
1382 1058 1568 1090 nitidulus
1604 1062 1637 1090 A.
1664 1061 1726 1092 Ad.
1754 1062 1802 1093 75.

1143 1112 1343 1144 Obeliscus
1371 1113 1593 1154 pulchellus
1624 1116 1660 1146 A.
1686 1117 1745 1148 Ad.
1777 1118 1826 1149 74.

1142 1167 1342 1200 obeliscus
1370 1169 1538 1209 pusillus
1571 1172 1604 1202 A.
1630 1172 1690 1203 Ad.
1724 1173 1772 1204 74.

1142 1222 1353 1255 Obeliscus
1382 1225 1582 1258 solidulus
1611 1227 1694 1259 Dkr.
1724 1229 1772 1260 75.

1143 1279 1309 1311 Obeliscus
1332 1280 1497 1313 striatulus
1521 1282 1555 1313 A.
1580 1283 1638 1315 Ad.
1663 1284 1712 1315 76.

1142 1335 1349 1368 Obeliscus
1377 1338 1670 1379 tenuisculptus
1699 1340 1862 1374 Lischke
1894 1344 1943 1375 75.

1143 1391 1345 1423 Obeliseus
1374 1395 1479 1425 teres
1509 1394 1543 1425 A.
1569 1395 1631 1426 Ad.
1659 1396 1707 1427 74.

1145 1447 1351 1480 Obeliscus
1377 1449 1623 1482 trifasciatus
1651 1452 1686 1482 A.
1711 1451 1772 1484 Ad.
1797 1453 1846 1485 75.

1145 1504 1346 1542 Obeliscus
1374 1505 1517 1537 vitreus
1549 1506 1584 1537 A.
1609 1506 1670 1539 Ad.
1696 1508 1744 1539 75.

1144 1560 1302 1592 Ocinebra
1324 1561 1486 1592 fimbriata
1509 1561 1544 1593 A.
1569 1562 1626 1594 Ad.
1654 1562 1700 1594 10.

1144 1616 1366 1648 Odostomia
1395 1617 1638 1650 Achatinella
1667 1620 1701 1650 A.
1726 1620 1786 1652 Ad.
1812 1620 1874 1658 82.,

1144 1672 1363 1704 Odostomia
1390 1676 1544 1705 arcuata
1573 1676 1608 1705 A.
1632 1674 1694 1706 Ad.
1719 1676 1768 1707 83.

1145 1728 1368 1760 Odostomia
1396 1740 1490 1760 cana
1520 1731 1554 1760 A.
1580 1729 1643 1761 Ad.
1669 1731 1718 1762 82.

1145 1784 1332 1816 Odostomia
1356 1785 1515 1816 costulata
1537 1786 1612 1817 Dkr.
1637 1786 1687 1817 84.

1145 1840 1366 1872 Odostomia
1394 1840 1498 1872 elata
1528 1841 1563 1872 A.
1591 1842 1650 1873 Ad.
1675 1842 1724 1873 82.

1145 1896 1370 1928 Odostomia
1399 1896 1554 1937 elegans
1585 1897 1620 1928 A.
1646 1898 1706 1929 Ad.
1731 1898 1780 1930 83.

1146 1952 1367 1984 Odostomia
1398 1953 1569 1984 fasciata
1596 1954 1678 1985 Dkr.
1703 1955 1752 1986 83.

1146 2008 1333 2040 Odostomia
1356 2008 1529 2040 fenestrata
1553 2009 1680 2041 Forbes.
1705 2011 1755 2042 84.

1146 2065 1372 2097 Odostomia
1399 2065 1638 2105 goniostoma
1667 2066 1702 2097 A.
1726 2066 1787 2097 Ad.
1812 2067 1862 2099 83.

1146 2120 1368 2152 Odostomia
1401 2121 1555 2161 hyalina
1582 2121 1618 2152 A.
1644 2122 1706 2153 Ad.
1734 2122 1784 2154 83.

1146 2177 1368 2208 Odostomia
1395 2177 1582 2218 Japoniea
1609 2178 1644 2208 A.
1670 2178 1734 2209 Ad.
1759 2179 1808 2209 82.

1145 2233 1367 2265 Odostomia
1394 2233 1518 2264 lactea
1545 2233 1629 2264 Dkr.
1659 2234 1709 2265 83.

1146 2289 1333 2321 Odostomia
1356 2290 1448 2321 lirata
1473 2289 1508 2320 A.
1533 2289 1590 2320 Ad.
1615 2290 1664 2321 83.

1146 2345 1373 2377 Odostomia
1403 2357 1503 2377 nana
1536 2348 1570 2377 A.
1596 2347 1659 2377 Ad.
1684 2346 1734 2377 82.

1146 2401 1367 2433 Odostomia
1396 2402 1578 2442 neglecta
1607 2403 1640 2433 A.
1667 2402 1721 2433 Ad.
1749 2402 1798 2433 82.

1146 2456 1366 2489 Odostomia
1395 2459 1506 2489 nivea
1536 2459 1569 2489 A.
1597 2459 1658 2489 Ad.
1683 2458 1732 2489 81.

1145 2512 1369 2544 Odostomia
1396 2514 1554 2545 obesula
1586 2514 1620 2544 A.
1647 2514 1707 2545 Ad.
1733 2514 1782 2545 82.

1145 2570 1367 2602 Odostomia
1394 2570 1559 2610 oblonga
1584 2570 1618 2600 A.
1643 2569 1704 2600 Ad.
1731 2570 1780 2601 82.

1147 2626 1370 2657 Odostomia
1398 2626 1559 2657 ovoidea
1587 2625 1621 2656 A.
1649 2626 1711 2656 Ad.
1735 2626 1784 2656 83.
