2379 3382
963 226 1195 257 -243—

650 312 801 343 Pecten
833 311 1104 352 asperulatus
1134 311 1280 343 Adams
1314 317 1349 343 et
1381 313 1518 344 Reeve.

366 379 427 412 Voy.
448 381 549 405 Samar.
571 379 641 405 Mon.
662 387 722 413 pag.
743 380 782 404 74.
802 377 868 404 Tab.
888 378 928 403 21.
947 378 991 411 fig.
1014 378 1052 404 13.

312 436 442 467 Fretum
467 436 653 468 Coreanum.

831 537 955 571 Genus
977 537 1190 571 Amussium
1213 536 1336 571 Klein.

651 616 882 648 Amussium
911 615 1158 656 Japonieum
1188 614 1302 646 Gmel.
1331 615 1512 655 (Ostrea).

364 686 434 718 syst.
454 684 516 710 Nat.
536 683 576 710 ed.
598 685 635 710 13.
656 692 716 718 pag.
733 683 807 709 3317.
846 683 1038 709 Amussiurn
1064 683 1265 717 Japonicum
1287 684 1461 708 maximum
1488 683 1617 709 Clienun.
1639 684 1735 711 conch.
1756 684 1820 711 (fab.
1840 685 1889 711 vol.
1910 686 1931 711 Τ.
1946 693 2007 719 pag.

415 727 472 754 288.
492 727 538 759 fig.
557 727 615 753 596.

312 788 479 830 Specimen
504 790 609 820 minus
633 793 749 821 exstat.

313 845 429 876 Pecten
453 845 558 876 Baloti
580 845 732 876 Bernardi
756 845 879 884 (Journ.
906 843 942 874 de
967 841 1084 873 Conch.
1109 841 1169 872 vol.
1195 842 1223 872 9.
1248 852 1318 882 pag.
1349 842 1400 872 46.
1430 841 1506 872 Tab.
1540 842 1566 872 1.
1599 842 1651 881 fig.
1685 843 1724 881 1.)
1755 845 1839 874 certe
1870 843 1914 874 nil
1947 844 2008 874 nisi

157 901 293 932 varietas
319 900 459 932 Pectinis
482 900 638 941 Japonici.

707 985 936 1017 Amussium
968 983 1240 1015 obliteratum
1273 981 1457 1021 (Ostrea).

364 1054 434 1087 Syst.
456 1053 519 1080 Nat.
540 1053 579 1080 ed.
602 1054 640 1079 10.
661 1061 720 1087 pag.
741 1053 798 1079 697.
836 1052 969 1078 Chemn.
990 1051 1086 1076 Conch.
1108 1049 1170 1076 Cab.
1191 1049 1240 1076 vol.
1261 1050 1282 1075 7.
1304 1058 1363 1083 pag.
1384 1050 1441 1076 324.
1462 1051 1506 1083 tig.
1527 1050 1671 1077 622—624.

312 1115 479 1157 Specimen
504 1117 610 1146 exstat
634 1125 705 1145 cum
732 1113 946 1145 Chinensibus
969 1114 1001 1144 et
1023 1112 1155 1143 Javanis
1179 1122 1260 1152 quae
1283 1111 1481 1151 possidemus
1505 1112 1705 1143 conveniens.

655 1199 880 1230 Amussium
909 1197 1201 1229 Pleuronectes
1232 1197 1313 1228 Lin.
1345 1197 1522 1237 (Ostrea).

364 1269 436 1301 Syst.
449 1268 514 1294 Nat.
526 1266 566 1294 ed.
588 1268 625 1294 10.
647 1275 707 1301 pag.
727 1267 787 1292 696.
824 1267 891 1292 Mus.
911 1265 977 1292 Lud.
999 1265 1054 1291 Ulr.
1076 1265 1140 1298 Reg.
1161 1273 1222 1298 pag.
1242 1264 1299 1291 524.
1339 1264 1437 1295 „Testa
1449 1264 1598 1296 mediocris,
1617 1265 1708 1295 laevis.
1727 1265 1885 1297 orbiculata,
1905 1266 2007 1294 tenuis.

415 1314 448 1337 ut
466 1310 535 1337 radii
555 1313 663 1336 tanturn
683 1310 798 1336 interius
818 1309 1027 1343 conspiciantur,
1048 1309 1278 1342 plano-convexa·
1320 1307 1417 1333 Chem
1427 1316 1450 1333 n.
1471 1307 1567 1334 Conch.
1587 1307 1650 1334 Cab.
1670 1308 1720 1334 vol.
1747 1309 1770 1334 7.
1796 1316 1857 1341 pag.
1881 1308 1938 1334 284.
1964 1308 2008 1342 fig.

414 1354 472 1380 595.
511 1354 705 1380 Amussium
727 1353 894 1387 Rumphii.

311 1416 397 1448 Haec
429 1415 559 1454 concha⁷
583 1426 655 1446 cum
678 1413 941 1446 antecedentibus
971 1413 1147 1444 arctissime
1176 1415 1323 1452 cognata,
1354 1412 1540 1452 praesertim
1572 1412 1605 1442 in
1634 1412 1711 1443 mari
1741 1411 1893 1443 Chinensi
1923 1412 2009 1443 haud

156 1484 237 1511 rara,
261 1473 378 1513 pariter
401 1473 433 1503 in
457 1472 549 1504 litore
571 1471 726 1512 Japonico
749 1470 900 1502 obvenire
924 1469 1049 1500 dicitur.
1095 1468 1129 1498 ln
1155 1472 1263 1499 nostra
1287 1467 1473 1499 collectione
1496 1467 1592 1499 deest.

312 1529 378 1560 Hae
403 1531 467 1560 tres
491 1528 611 1569 species
635 1528 759 1558 interne
782 1528 909 1558 tantum
933 1528 1084 1561 costatae.
1109 1529 1240 1555 externe
1268 1524 1382 1561 laeves,
1412 1523 1513 1555 valvis
1541 1523 1814 1564 plano-convexis,
1842 1535 1907 1555 una
1938 1524 2010 1555 alba

157 1585 206 1616 vel
230 1585 404 1625 pallidiore,
432 1585 531 1616 altera
554 1583 634 1621 rufa,
658 1583 747 1614 fusca
770 1582 818 1613 vel
843 1581 1000 1622 hepatica,
1024 1583 1059 1612 ut
1083 1581 1187 1621 pisces
1210 1591 1229 1611 a
1251 1580 1350 1611 latere
1378 1582 1527 1611 natantes
1558 1579 1785 1611 Pleuronectae
1815 1580 2008 1618 nominatae,

157 1643 331 1674 sectionem
354 1642 520 1673 Pectinum
543 1640 721 1672 admittunt
744 1639 824 1670 bene
847 1637 1052 1669 terminatam
1076 1636 1206 1677 dignam
1228 1646 1310 1676 quae
1325 1646 1381 1676 pro
1397 1646 1511 1676 genere
1527 1635 1653 1676 proprio
1670 1635 1834 1667 habeatur.
1881 1635 2010 1677 Species

157 1699 313 1739 quaedam
336 1697 461 1729 fossiles
484 1708 532 1728 ex.
556 1707 602 1737 gr.
636 1694 836 1727 formationis
868 1694 914 1725 sic
943 1693 1047 1724 dictae
1077 1692 1229 1723 triasinae
1260 1694 1291 1723 et
1322 1691 1493 1723 oolithicae
1523 1692 1591 1732 pari
1619 1691 1713 1722 modo
1745 1691 1808 1723 huc
1838 1691 2008 1732 pertinent.

157 1754 306 1796 (Genus
338 1752 673 1785 Pleuronectites
703 1748 1022 1788 Schlotheimii.)

892 1861 1018 1894 Genus
1040 1858 1136 1893 Vola
1158 1858 1281 1892 Klein.

694 1941 792 1972 Vola
822 1940 1023 1980 laqueata
1053 1937 1253 1978 Sowerby
1283 1936 1473 1978 (Pecten).

365 2011 442 2037 Thes.
469 2009 566 2037 Conch.
585 2009 636 2035 vol.
659 2010 681 2036 1.
700 2017 761 2042 pag.
780 2009 821 2034 40¹.
841 2008 885 2042 fig.
907 2007 962 2033 101.
983 2006 1080 2040 (1842).
1117 2006 1246 2031 Pecten
1271 2005 1415 2030 Antonii
1439 2003 1526 2030 Phil.
1553 2003 1619 2029 Abb.
1645 2003 1694 2030 vol.
1717 2004 1737 2030 1.
1757 2011 1818 2037 pag.
1837 2002 1878 2029 99.
1898 2002 1962 2029 Tab.
1984 2005 2006 2029 1.

413 2054 458 2087 fig.
485 2055 507 2080 1.
533 2052 631 2086 (1844).
668 2051 815 2078 Lischke
843 2051 902 2084 Jap.
929 2051 962 2076 M.
989 2049 1086 2075 Conch.
1115 2049 1166 2075 vol.
1188 2050 1209 2075 l.
1230 2056 1290 2082 pag.
1322 2048 1375 2073 167.
1396 2050 1423 2073 et
1442 2048 1492 2073 vol.
1512 2047 1535 2073 2.
1556 2055 1616 2081 pag.
1645 2048 1700 2073 157.
1725 2046 1789 2073 Tab.
1817 2046 1855 2073 12.
1874 2046 1919 2080 fig.
1941 2046 1962 2072 1.
1982 2045 2006 2072 2.

416 2097 560 2131 (specimen
579 2095 748 2130 pergrande).

312 2158 494 2200 Specimina
514 2158 641 2198 juniora
663 2159 696 2188 et
719 2157 829 2188 adulta
851 2155 955 2187 colore
976 2154 1143 2186 variabilia
1166 2156 1305 2185 exstant.

312 2215 393 2247 Clar.
418 2214 557 2255 Philippi
580 2214 663 2245 hanc
685 2214 824 2254 speciem
840 2213 858 2243 l.
877 2223 902 2244 c.
920 2212 1000 2243 bene
1016 2210 1192 2252 descripsit,
1216 2209 1272 2241 sed
1287 2209 1355 2240 sine
1373 2209 1567 2240 indicatione
1590 2209 1720 2248 patriae.
1767 2207 1882 2239 Costae
1899 2208 2010 2239 valvae

158 2272 317 2304 inferioris
346 2271 521 2303 latissimae
551 2280 675 2311 semper
704 2269 911 2300 inveniuntur
945 2267 1108 2308 glabratae
1131 2269 1187 2298 aut
1210 2265 1377 2297 sublaeves
1400 2265 1463 2296 imo
1487 2267 1575 2296 statu
1603 2264 1817 2304 integerrimo,
1840 2274 1904 2295 non
1927 2263 2011 2295 enim

159 2331 235 2360 sunt
258 2328 403 2364 detritae,
430 2327 515 2367 quod
538 2326 656 2358 dixerit
678 2325 804 2365 aliquis.

722 2411 823 2443 Vola
852 2412 1056 2442 excavata
1086 2409 1222 2440 Anton
1256 2407 1445 2447 (Pecten).

365 2481 436 2507 Verz.
462 2487 523 2514 pag.
550 2480 589 2506 19.
617 2479 690 2506 1839.
727 2479 814 2505 Phil.
840 2477 947 2505 Abbild.
974 2477 1024 2504 vol.
1045 2478 1066 2503 1.
1086 2484 1148 2510 pag.
1167 2475 1225 2502 201.
1251 2475 1315 2502 Tab.
1337 2475 1360 2502 2.
1380 2475 1425 2509 fig.
1447 2477 1467 2501 l.
1506 2475 1634 2500 Pecten
1662 2473 1821 2499 Sinensis
1851 2470 2011 2504 Sowerby

414 2523 491 2550 Thes.
511 2522 608 2549 Conch.
628 2522 679 2549 vol.
702 2523 722 2549 1.
741 2530 803 2556 pag.
822 2521 862 2548 48.
882 2520 947 2547 Tab.
967 2521 1006 2547 16.
1026 2520 1073 2554 fig.
1095 2519 1151 2546 120.
1173 2519 1228 2545 121.
1251 2519 1306 2545 134.

313 2585 442 2627 Species
465 2584 569 2616 colore
593 2584 779 2624 picturaque
802 2582 976 2620 variabilis,
999 2581 1092 2613 modo
1116 2581 1260 2612 unicolor
1283 2580 1381 2618 fusca,
1406 2579 1454 2610 vel
1477 2578 1737 2615 albo—maculata,
1759 2576 1853 2608 modo
1877 2576 2010 2613 cinerea,

158 2641 405 2682 fusco-strigata
427 2643 459 2672 et.
481 2641 682 2672 marmorata.
730 2638 895 2680 Specimen
926 2639 1012 2679 quod
1042 2639 1149 2668 exstat
1182 2637 1357 2668 maximum
1380 2635 1421 2667 65
1445 2634 1521 2666 mill.
1552 2634 1663 2673 latum,
1683 2633 1850 2708 {333th
1875 2635 1932 2670 est,
1956 2632 2010 2663 sed
