2317 3387
1165 298 1399 328 —120—

835 370 999 413 Fe'nella
1032 382 1269 414 reticulata
1304 383 1337 413 A.
1371 382 1433 413 Ad.
1470 382 1718 422 (Dunkeria).

514 436 717 468 Awa-shima.

832 505 1000 537 Fenella
1034 506 1286 537 craticulata
1322 506 1355 537 A.
1389 507 1452 538 Ad.
1486 506 1729 547 (Dunkeria).

514 561 727 593 Mino-shima.

842 629 1003 660 Fenella
1036 630 1271 662 rufocincta
1306 630 1341 661 A.
1373 631 1436 661 Ad.
1469 630 1718 671 (Dunkeria).

513 692 681 730 Mososeki.
706 692 964 725 Takano-shima.

963 803 1087 838 Genus
1109 804 1237 838 Onoba
1260 804 1303 838 H.
1327 806 1365 838 et
1387 804 1430 838 A.
1454 803 1605 838 Adams.

512 880 579 912 Hoc
601 892 701 921 genus
724 881 845 913 Rissois
869 882 964 913 affine
987 882 1164 914 cochleolae
1188 882 1408 923 complectitur
1435 882 1599 922 elongatus
1631 882 1835 913 transversim
1866 892 1967 922 neque
1999 881 2199 921 longitudine

359 937 543 968 costulatas.
589 936 692 977 (Conf.
729 936 852 968 Genera
882 938 916 968 of
944 949 1003 969 rec.
1036 938 1119 969 Moll.
1152 938 1212 969 vol.
1242 939 1266 968 1.
1298 949 1368 978 pag.
1392 938 1464 969 331.
1498 937 1578 968 Ann.
1603 937 1684 978 Mag.
1710 937 1788 977 Aug.
1815 937 1905 968 1861.
1929 947 2000 978 pag.
2028 936 2096 968 136.
2122 936 2198 968 ibid.

363 992 452 1023 1863.
477 1003 547 1034 pag.
572 992 659 1028 348.)
704 992 880 1024 Discrimen
903 1004 998 1033 grave
1021 994 1103 1024 inter
1126 993 1254 1025 Onobas
1278 996 1309 1024 et
1332 993 1462 1024 Rissoas
1493 993 1569 1024 mihi
1593 993 1720 1033 quidem
1744 995 1888 1024 constare
1911 1003 1974 1024 non
1996 993 2129 1026 videtur.

515 1056 684 1088 Adamsius
708 1057 726 1087 l.
753 1067 778 1087 e.
803 1056 861 1088 has
884 1058 1081 1089 enumeravit
1103 1058 1238 1098 species:

973 1126 1150 1157 Onobam
1186 1125 1416 1157 mundulam
1450 1126 1484 1156 A.
1517 1125 1579 1156 Ad.

513 1168 641 1199 Fretum
666 1168 850 1199 Cor-eanum.

944 1231 1124 1263 Onobam
1161 1232 1442 1273 elegantulam
1478 1232 1512 1263 A.
1550 1232 1613 1264 Ad.

513 1284 586 1315 ibid.

987 1348 1167 1380 Onobam
1201 1359 1408 1389 proceram
1441 1349 1476 1379 A.
1509 1348 1571 1380 Ad.

511 1399 603 1438 Yara,
626 1398 794 1430 Mososeki.

995 1463 1170 1495 Onobam
1194 1463 1414 1495 mirificam
1439 1464 1473 1495 A.
1499 1464 1563 1495 Ad.

511 1515 759 1552 Oki-no-sliima‚
784 1514 923 1546 Tanabe.

884 1578 1064 1610 Onobam
1098 1579 1253 1610 bellam
1287 1579 1502 1619 (Rissoam)
1536 1579 1571 1609 A.
1606 1579 1667 1610 Ad.

511 1630 601 1662 Yara.

987 1694 1163 1725 Onobam
1197 1695 1398 1735 spiratam
1430 1695 1465 1726 A.
1498 1695 1561 1726 Ad.

511 1737 678 1769 Mososeki.

992 1801 1169 1833 Onobam
1206 1803 1391 1843 patulam
1426 1802 1460 1832 A.
1492 1801 1558 1832 Ad.

510 1843 654 1875 Yobuko.

989 1907 1166 1939 Onobam
1197 1908 1399 1948 egregiam
1429 1909 1464 1940 A.
1496 1909 1522 1940 A
1536 1910 1564 1940 d.

511 1956 656 1997 Yobuko,
680 1958 862 1991 Seto-Uchi.

999 2023 1180 2055 Onobam
1214 2024 1392 2055 lucidam
1429 2025 1463 2056 A.
1489 2025 1555 2056 Ad.

510 2078 665 2110 O-shima.

561 2147 616 2177 His
640 2147 766 2187 adjicio:

844 2214 1026 2246 Onobam
1058 2214 1316 2255 (Rissoinam)
1349 2217 1590 2248 annulatam
1620 2217 1707 2249 Dkr.

560 2274 632 2299 Moll.
650 2274 709 2308 Jap.
730 2282 790 2307 pag.
813 2274 851 2300 12.
873 2273 936 2300 Tab.
958 2274 980 2300 ⁴2.
1000 2274 1044 2307 lig.
1067 2274 1104 2300 12.
1124 2274 1164 2307 (O.
1184 2274 1334 2300 suleiferani
1354 2275 1384 2300 A.
1404 2274 1453 2302 Ad.
1472 2276 1498 2301 in
1517 2275 1618 2309 sched.)

817 2338 847 2366 et
871 2335 1047 2367 Onobam
1078 2335 1357 2375 ferrugineam
1388 2336 1422 2366 A.
1455 2335 1518 2367 Ad.
1549 2336 1587 2367 in
1611 2336 1745 2368 sched.

510 2401 604 2431 quam
628 2390 679 2422 hic
702 2391 838 2422 breviter
859 2391 1019 2432 descripsi.

874 2467 1011 2499 Onoba
1044 2467 1285 2508 ferruginea
1315 2468 1349 2498 A.
1379 2468 1444 2499 Ad.
1477 2469 1516 2499 in
1547 2468 1677 2500 sched.

513 2530 610 2562 Testa
633 2531 913 2562 turrito-subulam
936 2532 989 2562 vix
1013 2532 1032 2563 3
1056 2531 1131 2562 mill.
1156 2532 1230 2570 alta,
1255 2531 1343 2563 fusca
1365 2533 1413 2563 vel
1437 2532 1625 2573 ferruginea,
1649 2534 1809 2565 interdum
1825 2536 1894 2566 tota
1910 2534 1983 2566 alba
1999 2535 2047 2566 vel
2067 2535 2198 2567 maculis

358 2585 456 2617 fuscis
478 2597 624 2627 asper-sag
647 2587 844 2618 anfractibus
868 2587 974 2627 quinis
997 2587 1178 2618 rotundatis
1201 2590 1312 2618 sutura
1334 2587 1491 2628 profunda
1514 2589 1675 2628 sejunctis,
1699 2590 1903 2622 transversim
1935 2592 1967 2622 et
1998 2589 2198 2631 longitudine

357 2642 488 2673 eostatis
512 2642 687 2681 instructa3
710 2644 857 2683 apertura
879 2643 1172 2674 rotundato-ovata.

515 2696 643 2737 Species
665 2709 742 2729 sane
765 2698 847 2729 inter
870 2698 999 2729 Rissoas
1023 2701 1055 2729 et
1077 2698 1206 2730 Onobas
1231 2699 1424 2730 intermedia.
