2317 3387
1176 287 1410 319 -150—

377 369 571 409 (Fissurella)
606 370 747 401 varicosa
778 369 871 407 Sow„
902 371 997 403 maris
1027 370 1172 403 Sinensis
1202 373 1316 411 incola,
1349 373 1502 405 foramine
1537 375 1667 415 parvulo
1695 376 1840 408 circulari
1870 378 2029 419 costisque
2056 379 2161 411 obesis
2184 382 2216 412 et.

378 426 506 458 nodosis
530 425 663 466 insignis
687 427 742 456 est.

825 511 1038 551 Lucapina
1068 510 1293 543 Ticaonica
1327 512 1456 544 Reeve
1488 513 1758 554 (Fissurella).

579 577 676 604 Conch.
697 578 762 604 icon.
786 577 932 604 Fissurclla.
950 586 1018 612 spec.
1041 578 1095 604 107.
1133 578 1292 612 Sowerby
1311 579 1386 605 Thes.
1407 588 1467 614 pag.
1489 580 1543 606 197.
1563 580 1626 607 Tab.
1649 582 1704 608 140.
1724 583 1768 616 fig.
1791 583 1845 608 110.

527 639 630 671 Unum
654 639 811 680 specimen
828 650 844 670 e
860 639 939 670 mari
960 639 1115 679 Japonico
1139 641 1246 670 exstat
1261 650 1331 670 cum
1349 640 1439 672 icone
1462 640 1625 682 Sowerbyi
1648 642 1740 682 plane
1764 643 1963 676 conveniens.
2009 644 2083 676 leon
2099 645 2216 677 Reeve-

374 706 435 726 ana
459 705 520 725 non
544 695 623 726 satis
647 694 824 735 respondet.
870 694 955 725 Haec
978 694 1098 735 species
1121 693 1214 726 dorso
1244 694 1410 733 fornicato,
1442 696 1604 728 foraminis
1636 697 1823 730 formatione
1839 710 1856 730 e
1871 699 2035 740 sculptura
2057 700 2216 740 exquisite

374 751 548 782 cancellata
570 750 705 790 insignis
728 752 784 782 est.

526 806 628 838 Antea
652 817 690 837 ex
713 805 826 837 insulis
848 804 1038 846 Philippinis
1062 807 1189 836 tantum
1212 806 1364 837 innotuit.

986 923 1109 957 Genus
1132 922 1419 959 Macroschisma
1442 924 1598 960 Swains.

884 1000 1205 1033 Macroschisma
1234 1003 1446 1034 maximum
1476 1003 1512 1034 A.
1545 1004 1697 1036 Adams.

578 1069 718 1095 Patella
746 1069 1010 1095 maeroschisma
1038 1069 1168 1097 Chr-mn.
1198 1071 1294 1097 Coneli.
1324 1071 1387 1097 Cal).
1413 1071 1462 1097 vol.
1484 1072 1521 1097 11.
1542 1079 1602 1105 pag.
1630 1071 1684 1098 184.
1711 1071 1774 1098 Tab.
1796 1072 1851 1099 197.
1871 1073 1915 1106 fig.
1938 1073 2008 1099 1923.
2030 1073 2103 1099 1924.
2140 1072 2215 1099 Proc.

630 1112 698 1138 Zool.
712 1113 768 1139 Soc.
783 1112 856 1139 1850.
876 1120 935 1146 pag.
955 1112 1012 1138 202.
1041 1112 1236 1140 Fissurclla
1255 1113 1520 1140 macroscliisma
1539 1114 1740 1148 Humphroy.
1761 1115 1916 1149 Sowerby
1935 1115 2030 1142 Conch.
2050 1115 2091 1142 Ill.
2111 1115 2154 1148 fig.
2174 1114 2215 1141 39.

628 1155 704 1181 Thes.
724 1154 820 1181 Coneli.
839 1155 888 1181 vol.
908 1155 930 1181 3.
968 1155 1156 1182 Fissurcllidae
1175 1165 1235 1190 pag.
1255 1157 1311 1183 205.
1332 1159 1375 1189 rig.
1396 1156 1452 1182 216.
1472 1156 1528 1183 217.

526 1216 654 1257 Species
685 1216 788 1247 colore
813 1217 843 1247 et
867 1216 1009 1256 picturae
1045 1216 1148 1248 indole
1182 1217 1354 1255 variabilis,
1390 1218 1573 1258 plerumque
1603 1220 1688 1249 atro-
1720 1221 1750 1249 et
1781 1218 2028 1256 rubro-radiata,
2056 1219 2214 1250 interdum

376 1284 465 1304 rosea
488 1273 638 1313 utrinque
661 1272 804 1312 strigata.
829 1271 876 1302 vel
901 1273 970 1302 tota
994 1282 1092 1309 rosea,
1117 1272 1165 1303 vel
1190 1273 1378 1313 nigrescens.

525 1328 702 1360 Hakodate.
748 1327 853 1359 Unum
877 1327 1035 1367 specimen
1060 1330 1174 1359 exstat.

873 1420 1193 1453 Macroschisma
1225 1420 1453 1452 dilatatum
1485 1420 1520 1451 A.
1554 1421 1709 1453 Adams.

576 1489 649 1515 Proc.
669 1488 737 1515 Zool.
758 1489 812 1514 Soc.
835 1488 907 1514 1850.
927 1496 987 1522 pag.
1008 1488 1065 1515 202.
1103 1487 1258 1521 Sowerby
1278 1488 1354 1514 Thes.
1375 1487 1470 1514 Conch.
1491 1488 1541 1514 vol.
1561 1488 1583 1514 3.
1605 1496 1664 1522 pag.
1686 1488 1743 1514 206.
1765 1490 1811 1522 fig.
1830 1488 1888 1514 ⁴220.

523 1549 617 1581 Testa
641 1550 788 1581 radiatim
813 1550 926 1581 striata
950 1550 1070 1590 pos-tice
1094 1549 1341 1590 quadricostata,
1359 1560 1447 1580 rosea
1464 1549 1613 1590 utrinque
1637 1549 1880 1591 albo-strigam}
1905 1549 2047 1581 foramen
2064 1560 2214 1590 magnum

371 1606 403 1636 in
426 1608 509 1637 testa
532 1605 636 1637 media
659 1605 822 1646 incipiens.

524 1661 596 1692 Tria
620 1661 802 1701 specimina.

893 1745 1223 1777 Macroschisma
1254 1746 1432 1777 Sinense
1462 1745 1498 1776 A.
1524 1745 1679 1776 Adams.

574 1814 646 1840 Proc.
667 1814 735 1839 Zool.
756 1814 812 1840 Soc.
835 1814 906 1839 1855.
927 1821 987 1847 pag.
1010 1813 1064 1839 122.
1103 1813 1261 1846 Sowerby
1279 1813 1355 1838 Thes
1377 1812 1473 1839 Conch.
1493 1812 1542 1839 vol.
1563 1812 1586 1839 3.
1606 1821 1666 1846 pag.
1687 1813 1745 1839 250.
1765 1814 1808 1847 fig.
1830 1813 1886 1839 219.

524 1874 631 1906 Untun
655 1875 813 1915 specimen
838 1874 1029 1915 nigrescens.

522 1931 588 1962 Hoc
611 1941 712 1970 genus
736 1930 1013 1961 Swainsoniamun
1039 1930 1069 1961 in
1095 1929 1248 1961 Patellam
1279 1929 1524 1960 macroschisma
1556 1928 1687 1960 Chemn.
1720 1928 1934 1969 (Fissurellam
1968 1929 2213 1961 macroschisma

369 1985 465 2025 Sow.)
490 1985 668 2025 fundatum,
692 1988 774 2017 testa
799 1985 974 2017 scutiforini
1011 1985 1168 2026 elongata,
1198 1985 1344 2016 radiatim
1375 1985 1498 2023 striata,
1522 1985 1626 2016 antice
1649 1984 1773 2015 elevata
1796 1985 1991 2025 emarginata
2015 1985 2063 2016 vel
2086 1985 2212 2017 sinuata

369 2044 399 2073 et
422 2041 633 2082 perforatione
663 2052 780 2082 magna
809 2043 904 2073 ovata
934 2042 981 2072 vel
1011 2041 1189 2072 lanceolata
1219 2041 1344 2081 insigne
1374 2042 1430 2072 est.
1488 2040 1613 2071 Animal
1645 2039 1813 2081 Cumingio
1845 2042 1974 2072 auctore
2006 2051 2212 2081 permagnum

369 2098 580 2129 larvaeforme.
627 2097 782 2138 Apertura
813 2097 914 2128 analis
945 2097 1120 2137 marginem
1149 2107 1257 2128 versus
1280 2096 1470 2127 anteriorem
1492 2098 1594 2127 testae
1618 2096 1719 2136 magis
1742 2096 1964 2136 approximata
1986 2098 2035 2127 est
2061 2107 2156 2137 quam
2179 2097 2212 2128 in

370 2154 498 2193 reliquis
522 2153 767 2184 Fissurellaceis.
813 2153 851 2183 H.
876 2156 907 2183 et
930 2152 966 2183 A.
991 2152 1110 2183 Adams
1140 2153 1213 2183 llec.
1245 2151 1329 2182 Moll.
1362 2151 1423 2183 vol.
1450 2152 1476 2182 1.
1502 2162 1572 2192 pag.
1596 2151 1668 2182 449.
1715 2151 1751 2182 A.
1774 2151 1893 2182 Adams
1924 2151 2003 2183 Ann.
2035 2152 2098 2183 and
2128 2151 2210 2193 Mag.

369 2210 448 2249 Aug.
486 2209 576 2239 1860.
609 2220 679 2250 pag.
715 2209 784 2238 111.
822 2208 913 2239 Anno
948 2208 1027 2239 1867
1061 2208 1142 2239 idem
1181 2210 1291 2239 auctor
1329 2207 1447 2239 animal
1480 2207 1599 2248 primus
1637 2207 1809 2238 delineavit
1839 2210 1871 2238 et
1901 2207 2002 2239 fusius
2035 2207 2210 2248 descripsit.

369 2264 472 2305 (Conf.
498 2264 585 2296 Proc.
609 2264 694 2295 Zool.
719 2264 789 2295 Soc.
818 2264 907 2294 1867.
932 2275 1002 2304 pag.
1029 2263 1099 2294 312.
1125 2263 1201 2294 Tab.
1228 2264 1276 2294 19.
1301 2264 1352 2303 fig.
1377 2262 1442 2302 28.)
1488 2262 1706 2294 Swainsonius
1738 2262 1819 2294 male
1843 2263 1920 2294 dicit
1950 2262 2210 2302 Machrochisma,

369 2321 484 2362 pariter
507 2320 623 2351 vitiosa
647 2322 695 2351 est
719 2319 877 2351 scribendi
901 2319 981 2350 ratio
1004 2318 1242 2358 Macrochisma,
1259 2330 1330 2350 cum
1347 2319 1406 2350 hoc
1422 2318 1611 2350 vocabulum
1627 2329 1646 2350 a
1661 2312 1784 2359 μακρός
1800 2320 1831 2350 et
1846 2312 1885 2348 τό
1909 2315 2030 2357 σχίσμα
2053 2319 2210 2351 derivetur

368 2376 500 2416 ideoque
525 2386 587 2407 non
611 2385 667 2416 pro
692 2375 844 2407 feminino
867 2375 1010 2406 adhiberi
1035 2374 1157 2405 debeat.

1058 2484 1182 2518 Genus
1205 2482 1375 2518 Cemoria
1397 2484 1530 2519 Leach.

973 2561 1160 2593 Cemoria
1190 2562 1348 2593 nobilis
1379 2563 1414 2593 A.
1446 2562 1603 2594 Adams.

571 2632 638 2657 Anu.
658 2631 729 2664 Mag.
751 2631 810 2656 Dec.
833 2630 905 2656 1860.
926 2637 986 2663 pag.
1006 2628 1065 2654 422.
1103 2629 1261 2663 Sowcrby
1280 2629 1356 2656 Thes.
1377 2629 1473 2656 Conch.
1494 2629 1543 2656 vol.
1563 2630 1586 2656 3.
1607 2637 1667 2664 pag.
1687 2629 1743 2656 208.
1764 2629 1830 2656 Tab.
1850 2628 1906 2656 245.
1926 2629 1970 2663 fig.
1990 2629 2065 2655 6—9.

521 2691 616 2723 Testa
639 2691 790 2723 conoidea
813 2691 922 2729 solida,
947 2690 1044 2722 costis
1067 2690 1266 2722 radiantibus
1291 2691 1404 2722 crassis
1427 2690 1717 2731 aequidistantibus
1739 2691 1889 2731 striisque
1912 2690 1996 2722 inter
2011 2692 2116 2722 costas
2132 2700 2207 2721 con-
