2317 3387
1168 260 1401 291 —118—

978 343 1168 375 Rissoina
1201 346 1408 377 concinna
1441 344 1476 374 A.
1514 345 1577 376 Ad.

563 409 636 436 Proc.
657 410 725 436 Zuol.
746 410 802 436 Soc.
824 410 896 436 1851.
915 418 976 444 pag.
995 409 1054 436 206.
1090 411 1157 437 Ann.
1178 411 1248 444 Mag.
1271 412 1343 437 1854.
1364 420 1424 445 pag.
1444 413 1484 438 67.

512 470 606 503 Testa
630 471 912 502 subulato—turrita
935 471 1017 509 alba,
1041 471 1152 509 solida,
1177 472 1375 503 anfractibus
1399 473 1538 513 septenis
1569 472 1617 504 vel
1649 473 1774 504 octonis
1804 474 2058 506 convexiusculis
2090 477 2201 506 sutura

359 528 458 558 incisa
479 527 632 567 sejunctis
662 526 861 566 longitudine
896 526 1022 566 plicatis
1055 528 1324 567 transversimque
1359 527 1455 558 dense
1488 528 1610 559 striatis
1644 528 1816 567 instructa3
1853 528 1953 569 plicae
1988 532 2020 560 in
2054 530 2200 562 anfractu

358 582 470 614 ultimo
493 583 620 623 saepius
642 582 811 620 evanidae;
834 585 982 622 apertura
1004 585 1109 621 ovata,
1134 583 1239 614 ant-ice
1263 583 1362 614 effusa
1385 586 1417 614 et
1440 583 1731 615 subcanaliculata:
1765 583 1888 615 labrum
1912 584 2132 616 incrassatum.
2159 603 2201 608 —

361 638 458 679 Long.
483 638 567 669 7-8
589 638 665 669 mill.
1889 642 1891 644 ’

868 723 1069 754 Rissoina
1102 724 1285 754 miranda
1318 725 1352 754 A.
1388 724 1534 755 Adams
1558 724 1597 754 in
1628 724 1688 755 lit.

511 791 606 823 Testa
640 793 786 831 angusta,
821 791 1112 829 subulato-turrita⁷
1147 791 1291 825 solidula.
1327 792 1409 831 alba,
1444 793 1648 823 transversim
1682 793 1783 828 lirata.
1818 793 1900 824 inter
1930 792 2004 825 liras
2040 794 2199 833 exquisite

361 849 535 880 cancellata
568 846 766 878 anfractibus
801 847 943 886 septenis
977 846 1025 878 vel
1059 847 1184 877 octonis
1218 847 1384 883 instructa.
1419 848 1634 888 superioribus
1667 848 1812 884 biliratis,
1843 848 1990 879 anfractu
2023 849 2201 888 penultimo

364 904 510 942 trilirato,
533 903 646 934 ultimo
669 902 893 943 quadrilirato:
917 904 1064 942 apertura
1087 905 1197 939 ovata;
1222 902 1345 934 labrum
1368 904 1589 934 incrassatum.
1612 921 1653 925 —
1676 903 1738 934 Alt.
1763 904 1824 941 3‚3‚
1848 904 1901 935 lat.
1927 905 1942 934 1
1967 903 2043 935 mill.

510 959 638 999 Species
661 958 825 998 sculptura
851 957 1089 998 elegantissima
1113 957 1255 998 insignis.

687 1086 691 1087 .
963 1043 1161 1074 Bissoina
1196 1043 1327 1074 nitida
1362 1043 1395 1073 A.
1432 1043 1588 1075 Adams.

561 1112 613 1139 Cfr.
633 1112 707 1138 I'roc.
726 1112 795 1138 Zool.
815 1112 870 1137 Soc.
893 1111 965 1136 1851.
985 1118 1045 1144 pag.
1064 1110 1121 1136 266.
1166 1110 1341 1135 Schwartz
1361 1110 1376 1135 l.
1397 1118 1417 1135 c.
1437 1118 1497 1144 pag.
1518 1110 1558 1136 90.

511 1173 605 1205 Testa
629 1172 920 1205 turrito-subulam.
944 1171 1054 1208 solida,
1079 1171 1189 1209 lactea,
1215 1171 1326 1207 nitida,
1350 1170 1547 1202 anfractibus
1572 1171 1704 1203 novenis
1727 1171 1980 1203 convexiuseulis
2010 1183 2065 1212 per
2094 1172 2197 1212 longi-

358 1231 500 1262 tudinem
528 1232 558 1261 et
580 1232 758 1261 transverse
788 1227 964 1269 aequaliter
993 1229 1126 1262 costata.
1159 1227 1232 1257 inde
1262 1227 1376 1257 eximie
1409 1226 1600 1265 cancellata3
1632 1229 1779 1267 apertura
1809 1229 1904 1258 ovata
1931 1227 2059 1268 obliqua
2094 1228 2199 1259 antice

357 1285 645 1322 subcanaliculata3
669 1284 793 1315 labrum
816 1286 954 1321 acutum,
978 1286 1072 1314 extus
1096 1282 1208 1313 varicis
1232 1282 1332 1313 instar
1355 1282 1576 1313 incrassatum.
1592 1300 1633 1304 -—-
1648 1282 1748 1322 Long.
1765 1283 1794 1320 6,
1812 1283 1865 1314 lat.
1883 1282 1901 1314 2
1918 1282 1992 1314 mill.

985 1369 1182 1400 Rissoina
1216 1367 1448 1408 Sagrayana
1481 1367 1570 1399 Orb.

563 1437 653 1464 Cuba
672 1437 723 1462 vol.
742 1436 764 1462 2.
783 1444 844 1470 pag.
864 1436 904 1462 25.
924 1435 988 1462 Tab.
1011 1436 1049 1462 12.
1068 1436 1111 1469 fig.
1130 1436 1154 1462 4.
1175 1436 1197 1462 5.
1234 1435 1309 1461 Dkr.
1328 1434 1400 1460 Mon.
1420 1435 1479 1468 Jap.
1500 1443 1559 1469 pag.
1581 1437 1618 1461 11.

512 1499 628 1531 Portus
651 1498 844 1530 De-shimae.

994 1573 1188 1604 Bissoina
1225 1573 1435 1604 costulata
1469 1573 1556 1603 Dkr.

562 1643 659 1670 Malak.
680 1643 719 1669 ΠΙ.
740 1643 790 1669 vol.
812 1645 835 1668 ti.
855 1650 917 1676 pag.
936 1642 995 1667 235.
1032 1641 1104 1667 Moli.
1123 1640 1184 1674 Jap.
1203 1648 1264 1674 pag.
1286 1640 1324 1666 12.

511 1705 625 1736 Portus
644 1703 838 1735 De-shimae.

512 1761 595 1792 Haec
619 1762 716 1801 atque
739 1759 858 1800 species
881 1757 1073 1789 antecedens
1096 1757 1136 1789 ab
1160 1757 1310 1788 Adamsio
1334 1757 1468 1788 fortasse
1490 1757 1552 1788 alio
1577 1756 1703 1788 nomine
1735 1759 1936 1787 enumeratae
1960 1761 2044 1794 sunt.
2074 1756 2159 1796 quod
2183 1767 2199 1787 e

358 1817 623 1857 descriptionibus
646 1815 848 1847 Adamsianis
865 1814 930 1846 erui
953 1824 1017 1845 non
1041 1815 1176 1854 poterat,
1199 1824 1271 1844 cum
1294 1813 1389 1844 nimis
1412 1813 1522 1844 breves
1544 1812 1609 1844 sint
1631 1815 1663 1844 et
1686 1812 1841 1844 mensuris
1865 1815 2000 1843 careant.

961 1933 1085 1967 Genus
1107 1931 1359 1966 Microstelma
1381 1931 1426 1966 A.
1448 1931 1602 1965 Adams.

911 2003 1194 2034 lllicrostelma
1224 2003 1399 2034 daedala
1430 2002 1465 2033 A.
1496 2002 1650 2033 Adams.

560 2073 627 2098 Anu.
647 2071 699 2097 and
718 2072 790 2105 Mag.
809 2071 859 2097 vol.
879 2071 902 2097 3.
922 2079 982 2104 pag.
1003 2070 1062 2096 348.

510 2134 570 2165 Ins.
596 2133 688 2164 Goto.

1059 2234 1184 2267 Genus
1207 2233 1371 2267 Alvania
1393 2232 1515 2266 Risso.

511 2304 638 2345 Species
661 2304 834 2345 Japonicae
858 2315 941 2335 nunc
965 2305 1060 2334 notae
1083 2303 1123 2334 ab
1148 2303 1297 2334 Adamsio
1321 2303 1352 2333 in
1377 2302 1457 2333 Ann.
1482 2301 1564 2342 Mag.
1594 2302 1685 2333 1861.
1711 2312 1782 2342 pag.
1809 2301 1868 2333 137
1893 2303 2132 2333 enumerantur:

947 2380 1120 2411 Alvania
1155 2379 1434 2411 semicostata
1466 2378 1502 2410 A.
1540 2379 1604 2410 Ad.

511 2432 726 2464 Mino-shima.

1006 2496 1182 2527 Alvania
1214 2495 1369 2527 tiarula
1402 2495 1438 2526 A.
1474 2495 1539 2527 Ad.

508 2547 725 2579 Taba-shima.

957 2612 1129 2643 Alvania
1165 2611 1424 2643 clathratula
1458 2611 1493 2642 A.
1531 2611 1594 2642 Ad.

513 2662 706 2694 Tsu-sliima.
