2317 3387
1149 261 1382 292 -148—

347 346 455 378 libello
478 356 548 377 meo
573 346 610 376 de
634 345 797 377 Molluscis
819 345 982 385 Japonicis
1004 356 1074 386 pag.
1100 346 1149 377 28.
1171 346 1235 386 jam
1260 346 1369 384 docuig
1393 345 1508 386 pariter
1531 345 1602 376 clar.
1626 345 1763 377 Lischke
1779 346 1816 377 de
1832 345 1891 376 hac
1907 345 2009 386 specie
2028 345 2184 377 uberrime

345 402 493 433 disseruit
517 411 682 441 meamque
705 401 886 441 opinionem
910 401 1127 441 comprobavit
1151 401 1232 442 (Jap.
1257 401 1296 431 M.
1322 400 1438 432 Conch.
1464 401 1523 432 vol.
1549 402 1575 431 1.
1600 411 1670 441 pag.
1697 400 1780 441 101).

499 456 641 488 Haliotin
665 455 806 487 Sieboldi
829 455 943 488 Reevei
958 457 1088 497 (Conch.
1106 457 1187 488 icon.
1204 467 1286 497 spec.
1303 455 1378 496 32),
1395 457 1433 487 ad
1451 456 1509 487 hoc
1527 458 1652 496 tempus
1667 457 1699 487 in
1715 455 1825 488 Museo
1849 456 2032 488 Britannico
2047 457 2183 496 unicam,

345 522 507 552 nunquam
532 511 607 542 vidi.
654 510 736 542 Clar.
760 511 862 543 Reeve
885 512 930 543 ait
954 512 1086 543 formam
1110 512 1177 552 ejus
1200 512 1376 543 mirabilem
1401 512 1506 542 Cardii
1530 512 1652 543 valvam
1671 513 1830 553 singulam
1846 513 1894 544 vel
1911 511 2183 553 Concholepadem

345 568 377 598 in
402 569 539 598 mentem
572 577 728 598 revocare.
773 566 858 599 Haec
881 568 999 608 species
1029 567 1107 599 mihi
1139 570 1186 599 est
1208 567 1299 598 valde
1329 567 1434 605 dubia.
1467 578 1568 608 neque
1596 568 1690 608 longe
1717 568 1829 599 absum
1859 569 1935 608 quin
1963 568 2087 600 credam
2115 570 2184 600 earn

345 623 389 654 nil
414 625 651 663 repraesentare
674 623 735 654 nisi
759 623 1039 655 conformationem
1064 622 1203 653 Haliotis
1225 623 1394 663 giganteae
1417 626 1658 654 monstruosam.

499 678 643 709 Haliotin
667 678 850 719 giganteam
872 679 988 719 Japani
1015 677 1236 718 „Tokobushi“
1262 679 1437 709 nominant.

966 776 1155 808 Haliotis
1186 776 1390 817 Japonica
1420 776 1561 807 Reeve.

549 843 624 870 Proc.
646 842 716 869 Zool.
736 842 792 868 Soc.
814 842 884 868 1846.
905 851 965 876 pag.
986 844 1024 870 54.
1065 843 1160 870 Coneh.
1180 845 1245 870 icon.
1266 844 1382 870 Haliotis
1401 852 1469 878 spec.
1490 843 1528 870 13.

500 905 525 934 A
551 904 624 935 clar.
649 903 687 934 de
711 903 838 935 Siebold
863 915 900 935 ex
924 904 1060 944 Japonia
1084 904 1243 945 quondam
1267 906 1427 944 reportata
1450 906 1507 934 est.

502 959 584 990 Clar.
612 959 715 990 Reeve
747 962 882 991 annotat
910 959 992 991 hanc
1016 960 1175 991 cochleam
1199 960 1265 990 liris
1289 959 1459 1000 spiralibus
1491 959 1781 999 aequidistantibus
1811 959 1851 990 ab
1876 959 1997 991 Halioti
2026 960 2186 992 lamellosa

344 1015 440 1046 maris
473 1014 629 1055 Europaei
664 1015 922 1055 distinguendam
946 1026 1024 1051 esse,
1049 1026 1112 1056 qua
1135 1016 1172 1046 de
1196 1026 1291 1046 causa
1319 1026 1386 1046 eam
1419 1026 1473 1055 pro
1505 1015 1609 1056 specie
1640 1014 1778 1055 genuina
1800 1014 1898 1046 habet
1920 1026 1955 1046 eo
1979 1015 2080 1055 magis
2114 1026 2185 1046 cum

343 1071 432 1102 locus
456 1071 572 1102 natalis
596 1071 690 1102 nimis
714 1073 853 1101 remotus
876 1071 927 1101 sit.
974 1070 1036 1102 Sed
1059 1082 1128 1101 mea
1152 1071 1300 1111 opinione
1329 1071 1506 1101 differentia
1537 1071 1617 1102 inter
1645 1073 1812 1110 utramque
1835 1070 1995 1102 cochleam
2019 1073 2085 1102 tam
2108 1071 2186 1102 levis

344 1129 401 1165 est,
418 1128 455 1158 ut
471 1127 605 1167 speciem
629 1126 825 1157 Reeveanam
843 1136 898 1166 pro
915 1127 1068 1157 varietate
1084 1126 1220 1157 Haliotis
1236 1126 1416 1157 lamellosae
1438 1126 1593 1166 Japonica
1616 1125 1847 1163 declaraverim,
1865 1136 1936 1157 cum
1954 1127 2044 1167 plura
2061 1136 2187 1166 quoque

344 1181 501 1213 Mollusca.
523 1182 633 1213 oceani
657 1181 811 1222 Europaei
835 1182 951 1221 pariter
975 1183 1005 1213 in
1029 1182 1121 1221 aquis
1144 1182 1307 1222 Japonicis
1330 1182 1511 1213 obveniant.

937 1276 1125 1307 Haliotis
1156 1279 1396 1317 supertexta
1427 1276 1603 1307 Lischke.

551 1343 649 1369 Malak.
669 1343 709 1369 Bl.
729 1343 779 1370 vol.
801 1344 838 1370 17.
858 1351 919 1378 pag.
938 1344 978 1370 24.
997 1344 1056 1378 Jap.
1077 1345 1110 1370 M.
1131 1344 1227 1370 Conch.
1247 1344 1296 1370 vol.
1316 1344 1339 1370 2.
1359 1352 1420 1378 pag.
1439 1343 1479 1369 92.

501 1404 596 1436 Plura
623 1405 798 1446 specimina
821 1406 976 1446 juvenilia
999 1408 1029 1437 et
1053 1406 1161 1437 adulta
1190 1405 1299 1437 attulit
1323 1405 1395 1436 clar.
1421 1404 1500 1435 Rein
1524 1403 1626 1435 colore
1659 1404 1846 1444 picturaque
1880 1405 1987 1436 vivida
2021 1405 2186 1436 variantia.

347 1460 571 1492 Foraminibus
606 1461 898 1493 ovato-rotundatis
931 1462 1124 1493 subelevatis
1157 1462 1241 1492 senis
1265 1462 1312 1492 vel
1336 1460 1485 1501 septenis
1525 1460 1626 1490 rarius
1659 1459 1782 1490 octonis
1806 1460 1921 1500 perviis
1951 1460 2107 1492 instructa
2130 1463 2186 1492 est.

349 1516 433 1548 Haec
467 1517 587 1558 species
622 1517 753 1548 costulis
787 1517 936 1548 confertis
963 1517 1024 1548 filis
1053 1518 1144 1557 quasi
1175 1517 1367 1557 super-textis
1400 1515 1553 1556 imprimis
1586 1516 1766 1556 insignitur.
1820 1515 1981 1547 Interdum
2016 1516 2189 1558 specimina

348 1571 556 1603 inveniuntur
578 1572 787 1603 foraminibus
811 1584 849 1603 ex
874 1575 961 1612 parte.
985 1573 1227 1604 confluentibus

1005 1657 1192 1689 Haliotis
1222 1655 1395 1687 Gruneri
1426 1655 1525 1686 Phil.

554 1724 681 1751 Zeitschr.
701 1725 742 1751 fiir
761 1725 858 1751 Malak.
881 1725 952 1751 1848.
972 1733 1032 1759 pag.
1055 1725 1093 1751 16,
1113 1724 1180 1750 Abb.
1200 1724 1250 1749 vol.
1269 1724 1292 1750 3.
1312 1732 1372 1757 pag.
1393 1723 1433 1749 89.
1472 1722 1588 1748 Haliotis
1607 1721 1671 1748 Tab.
1691 1723 1714 1749 9.
1733 1723 1776 1756 fig.
1799 1723 1819 1749 1.

503 1784 669 1826 Specimen
693 1789 798 1817 exstat
818 1787 882 1827 jam
906 1788 1001 1817 antea
1024 1798 1062 1817 ex
1086 1786 1221 1826 Japonia
1245 1787 1408 1825 acceptum
1433 1794 1503 1814 cum
1527 1782 1716 1814 Sinensibus
1744 1785 1871 1814 nostrae
1895 1782 2090 1815 collectionis
2114 1794 2189 1815 con-

349 1842 489 1873 veniens.
536 1841 658 1873 Pariter
681 1844 820 1882 tempore
844 1842 1017 1873 novissimo
1041 1841 1113 1873 clar.
1139 1841 1247 1872 Satow
1271 1840 1442 1881 specimina
1466 1839 1621 1870 nonnulla
1643 1838 1739 1870 misit.

503 1896 671 1938 Exemplar
695 1898 847 1938 originale
871 1909 890 1928 a
913 1897 985 1928 clar.
1010 1897 1149 1938 Philippi
1181 1897 1349 1936 depictum⁷
1379 1895 1508 1926 omnino
1531 1894 1635 1926 rufum
1659 1896 1717 1932 est,
1740 1895 1794 1926 sed
1817 1894 1990 1936 specimina
2013 1894 2097 1926 haud
2120 1905 2189 1926 raro

349 1952 556 1983 inveniuntur
591 1953 749 1984 coloribus
780 1953 893 1984 vividis
916 1953 1087 1992 variegata.
1134 1952 1218 1984 Haec
1241 1952 1364 1992 pictura
1387 1950 1482 1982 simili
1504 1950 1598 1981 modo
1622 1950 1655 1980 in
1678 1949 1798 1981 Halioti
1821 1950 2041 1982 diversicolore
2074 1950 2190 1982 Reevei

349 2007 511 2039 observari
533 2011 648 2048 potest,
673 2020 753 2049 quae
777 2009 888 2040 habitu
912 2020 1038 2049 quoque
1061 2012 1092 2039 et
1116 2008 1278 2048 sculptura
1302 2007 1419 2038 Halioti
1446 2005 1581 2037 Gruneri
1604 2005 1791 2046 respondere
1813 2006 1946 2037 videtur.
1992 2006 2104 2046 Itaque
2127 2006 2190 2037 for-

350 2072 435 2095 tasse
455 2063 637 2104 jungendae
659 2068 743 2095 sunt.
791 2065 822 2095 Si
848 2075 917 2095 vero
936 2076 984 2095 res
1004 2065 1048 2095 ita
1064 2064 1220 2101 sehabet,
1245 2062 1459 2094 denominatio
1483 2061 1648 2092 Reeveana
1670 2061 1845 2102 prioritatis
1868 2072 1964 2093 causa
1986 2062 2191 2103 praeferenda

351 2122 408 2151 est.
454 2119 552 2150 Doleo
576 2119 817 2160 descriptionem
843 2120 1039 2151 Reeveanam
1063 2120 1156 2151 nimis
1174 2120 1299 2150 brevem
1316 2121 1346 2149 et
1364 2129 1507 2149 mancam
1525 2128 1606 2155 esse3
1624 2128 1662 2148 ex
1679 2117 1769 2148 icone
1784 2119 1910 2148 tantum
1927 2117 2081 2158 judicium
2098 2117 2188 2149 facio.

1032 2214 1215 2245 Haliotis
1246 2213 1395 2252 exigua
1425 2212 1510 2243 Dkr.

1059 2280 1123 2307 Tab.
1143 2285 1234 2306 nostra
1254 2281 1276 2306 6.
1296 2280 1340 2312 fig.
1359 2280 1382 2306 8.
1402 2280 1425 2305 9.
1447 2281 1484 2306 10.

558 2323 657 2349 Malak.
679 2323 717 2349 Bl.
738 2323 786 2349 vol.
807 2324 847 2350 24.
867 2332 927 2357 pag.
948 2325 987 2350 139.

506 2384 602 2415 Testa
625 2395 721 2424 parva
744 2387 847 2422 ovata,
870 2385 973 2425 plana,
1005 2385 1108 2416 medio
1132 2385 1242 2416 leviter
1272 2383 1492 2420 canaliculata,
1525 2382 1683 2422 spiraliter
1717 2382 1876 2422 denseque
1899 2382 2011 2413 striata
2035 2384 2066 2414 et
2089 2382 2190 2419 litata,

352 2440 494 2472 obsolete
517 2440 644 2480 plicata,
678 2439 885 2471 foraminibus
915 2440 1060 2471 rotundis
1084 2440 1234 2471 confertis
1266 2438 1474 2470 subtubiferis
1504 2438 1610 2478 quinis
1635 2437 1748 2478 perviis
1771 2437 1945 2476 instructa3
1968 2448 2050 2478 apex
2074 2437 2191 2478 promi-

353 2496 464 2534 nulus3
488 2495 573 2536 spira
595 2505 692 2536 parva
714 2495 930 2533 sumaim-alim
954 2496 1073 2526 labium
1098 2496 1245 2535 planum3
1269 2505 1342 2525 area
1365 2494 1447 2525 inter
1471 2494 1643 2534 marginem
1666 2496 1698 2525 et
1721 2493 1910 2525 foraminum
1933 2493 2044 2524 seriem
2069 2494 2192 2524 costata

354 2554 386 2583 et
409 2551 637 2590 canaliculata3
672 2551 756 2582 color
779 2551 1078 2591 griseo-rubescens,
1109 2551 1197 2582 fusco
1221 2550 1270 2581 vel
1293 2549 1656 2590 coccineo-variegatus3
1691 2549 1863 2589 margarita
1886 2549 1988 2580 vivide
2012 2548 2190 2580 iridescens.

509 2606 646 2638 Cochlea
668 2606 799 2648 parvula
822 2607 861 2637 22
885 2607 960 2638 mill.
984 2607 1058 2645 lata,
1082 2606 1149 2637 liris
1173 2605 1342 2647 spiralibus
1365 2605 1515 2645 striisque
1537 2605 1726 2636 transversis
1750 2603 1906 2636 clathrata
1927 2605 2068 2644 apparet.
2114 2603 2192 2635 Pars

355 2662 438 2693 infra
460 2662 615 2694 foramina
639 2664 669 2693 et
693 2663 865 2702 marginem
889 2664 990 2694 testae
1013 2662 1152 2700 declivis,
1177 2661 1352 2693 canaliculo
1376 2662 1536 2702 costisque
1559 2660 1721 2692 nonnullis
1744 2661 1848 2692 cincta
1869 2661 1926 2691 est.
