<?xml version="1.0" encoding="UTF-8"?>
<!DOCTYPE html PUBLIC "-//W3C//DTD XHTML 1.0 Transitional//EN"
    "http://www.w3.org/TR/xhtml1/DTD/xhtml1-transitional.dtd">
<html xmlns="http://www.w3.org/1999/xhtml" xml:lang="en" lang="en">
 <head>
  <title>
</title>
<meta http-equiv="Content-Type" content="text/html;charset=utf-8" />
  <meta name='ocr-system' content='tesseract 3.04.00' />
  <meta name='ocr-capabilities' content='ocr_page ocr_carea ocr_par ocr_line ocrx_word'/>
</head>
<body>
  <div class='ocr_page' id='page_1' title='image "./indexmolluscorum00dunk_0272.png"; bbox 0 0 2317 3387; ppageno 0'>
   <div class='ocr_carea' id='block_1_1' title="bbox 1152 237 1383 269">
    <p class='ocr_par' dir='ltr' id='par_1_1' title="bbox 1152 237 1383 269">
     <span class='ocr_line' id='line_1_1' title="bbox 1152 237 1383 269; baseline 0.004 -1"><span class='ocrx_word' id='word_1_1' title='bbox 1152 237 1383 269; x_wconf 75' lang='lat'>—258—</span> 
     </span>
    </p>
   </div>
   <div class='ocr_carea' id='block_1_2' title="bbox 1195 320 1338 354">
    <p class='ocr_par' dir='ltr' id='par_1_2' title="bbox 1195 320 1338 354">
     <span class='ocr_line' id='line_1_2' title="bbox 1195 320 1338 354; baseline -0.007 -7"><span class='ocrx_word' id='word_1_2' title='bbox 1195 320 1261 354; x_wconf 85' lang='lat' dir='ltr'>Pag.</span> <span class='ocrx_word' id='word_1_3' title='bbox 1282 321 1338 346; x_wconf 84' lang='lat'>114.</span> 
     </span>
    </p>
   </div>
   <div class='ocr_carea' id='block_1_3' title="bbox 333 380 2197 476">
    <p class='ocr_par' dir='ltr' id='par_1_3' title="bbox 333 380 2197 476">
     <span class='ocr_line' id='line_1_3' title="bbox 489 380 2197 422; baseline 0.001 -9"><span class='ocrx_word' id='word_1_4' title='bbox 489 381 692 414; x_wconf 86' lang='lat' dir='ltr'>Conradia</span> <span class='ocrx_word' id='word_1_5' title='bbox 715 381 921 412; x_wconf 77' lang='lat' dir='ltr'><strong>clathrata</strong></span> <span class='ocrx_word' id='word_1_6' title='bbox 944 380 980 411; x_wconf 81' lang='lat' dir='ltr'>A.</span> <span class='ocrx_word' id='word_1_7' title='bbox 1004 380 1150 412; x_wconf 84' lang='lat' dir='ltr'>Adams</span> <span class='ocrx_word' id='word_1_8' title='bbox 1172 380 1256 411; x_wconf 87' lang='lat' dir='ltr'>Ann.</span> <span class='ocrx_word' id='word_1_9' title='bbox 1281 382 1312 411; x_wconf 83' lang='lat' dir='ltr'>et</span> <span class='ocrx_word' id='word_1_10' title='bbox 1335 380 1418 421; x_wconf 85' lang='lat' dir='ltr'>Mag.</span> <span class='ocrx_word' id='word_1_11' title='bbox 1439 380 1529 412; x_wconf 83' lang='lat'>1860.</span> <span class='ocrx_word' id='word_1_12' title='bbox 1553 391 1626 422; x_wconf 86' lang='lat' dir='ltr'>pag.</span> <span class='ocrx_word' id='word_1_13' title='bbox 1643 380 1716 412; x_wconf 88' lang='grc'>410.</span> <span class='ocrx_word' id='word_1_14' title='bbox 1741 383 1789 413; x_wconf 86' lang='lat' dir='ltr'>est</span> <span class='ocrx_word' id='word_1_15' title='bbox 1805 381 1962 414; x_wconf 87' lang='lat' dir='ltr'>Fossarus</span> <span class='ocrx_word' id='word_1_16' title='bbox 1981 381 2197 414; x_wconf 85' lang='lat' dir='ltr'>Adamsianus</span> 
     </span>
     <span class='ocr_line' id='line_1_4' title="bbox 333 435 1724 476; baseline -0.002 -6"><span class='ocrx_word' id='word_1_17' title='bbox 333 437 472 470; x_wconf 83' lang='lat' dir='ltr'>Fischer.</span> <span class='ocrx_word' id='word_1_18' title='bbox 518 436 677 468; x_wconf 86' lang='lat' dir='ltr'>Fossarus</span> <span class='ocrx_word' id='word_1_19' title='bbox 702 436 879 468; x_wconf 86' lang='lat' dir='ltr'>clathratus</span> <span class='ocrx_word' id='word_1_20' title='bbox 902 435 984 467; x_wconf 89' lang='lat' dir='ltr'>Phil.</span> <span class='ocrx_word' id='word_1_21' title='bbox 1008 436 1104 468; x_wconf 86' lang='lat' dir='ltr'>maris</span> <span class='ocrx_word' id='word_1_22' title='bbox 1127 435 1350 467; x_wconf 78' lang='lat' dir='ltr'>Mediterranei</span> <span class='ocrx_word' id='word_1_23' title='bbox 1374 438 1421 467; x_wconf 89' lang='lat' dir='ltr'>est</span> <span class='ocrx_word' id='word_1_24' title='bbox 1445 436 1567 476; x_wconf 87' lang='lat' dir='ltr'>species</span> <span class='ocrx_word' id='word_1_25' title='bbox 1591 436 1724 467; x_wconf 88' lang='lat' dir='ltr'>diversa.</span> 
     </span>
    </p>
   </div>
   <div class='ocr_carea' id='block_1_4' title="bbox 1192 527 1340 561">
    <p class='ocr_par' dir='ltr' id='par_1_4' title="bbox 1192 527 1340 561">
     <span class='ocr_line' id='line_1_5' title="bbox 1192 527 1340 561; baseline 0 -8"><span class='ocrx_word' id='word_1_26' title='bbox 1192 527 1260 561; x_wconf 82' lang='lat' dir='ltr'>Pag.</span> <span class='ocrx_word' id='word_1_27' title='bbox 1283 527 1340 553; x_wconf 92' lang='lat'>121.</span> 
     </span>
    </p>
   </div>
   <div class='ocr_carea' id='block_1_5' title="bbox 1013 586 1513 629">
    <p class='ocr_par' dir='ltr' id='par_1_5' title="bbox 1013 586 1513 629">
     <span class='ocr_line' id='line_1_6' title="bbox 1013 586 1513 629; baseline -0.002 -8"><span class='ocrx_word' id='word_1_28' title='bbox 1013 586 1138 621; x_wconf 86' lang='lat' dir='ltr'>Genus</span> <span class='ocrx_word' id='word_1_29' title='bbox 1161 586 1309 622; x_wconf 86' lang='lat' dir='ltr'>Skenea</span> <span class='ocrx_word' id='word_1_30' title='bbox 1330 586 1513 629; x_wconf 82' lang='lat' dir='ltr'>Fleming.</span> 
     </span>
    </p>
   </div>
   <div class='ocr_carea' id='block_1_6' title="bbox 540 655 1596 752">
    <p class='ocr_par' dir='ltr' id='par_1_6' title="bbox 540 655 1596 752">
     <span class='ocr_line' id='line_1_7' title="bbox 923 655 1596 688; baseline -0.001 -1"><span class='ocrx_word' id='word_1_31' title='bbox 923 655 1083 688; x_wconf 84' lang='lat' dir='ltr'>Skenea</span> <span class='ocrx_word' id='word_1_32' title='bbox 1117 655 1337 688; x_wconf 77' lang='lat' dir='ltr'>col-nuella</span> <span class='ocrx_word' id='word_1_33' title='bbox 1373 655 1408 686; x_wconf 75' lang='lat' dir='ltr'>A.</span> <span class='ocrx_word' id='word_1_34' title='bbox 1445 655 1596 686; x_wconf 84' lang='lat' dir='ltr'>Adams.</span> 
     </span>
     <span class='ocr_line' id='line_1_8' title="bbox 540 718 1029 752; baseline 0 -7"><span class='ocrx_word' id='word_1_35' title='bbox 540 720 608 745; x_wconf 76' lang='lat' dir='ltr'>Ann.</span> <span class='ocrx_word' id='word_1_36' title='bbox 628 719 700 751; x_wconf 76' lang='lat' dir='ltr'>Mag.</span> <span class='ocrx_word' id='word_1_37' title='bbox 720 718 775 744; x_wconf 73' lang='lat' dir='ltr'>Mai</span> <span class='ocrx_word' id='word_1_38' title='bbox 796 718 869 744; x_wconf 82' lang='lat'>1860.</span> <span class='ocrx_word' id='word_1_39' title='bbox 889 726 950 752; x_wconf 85' lang='lat' dir='ltr'>pag.</span> <span class='ocrx_word' id='word_1_40' title='bbox 971 718 1029 745; x_wconf 81' lang='lat'>412.</span> 
     </span>
    </p>
   </div>
   <div class='ocr_carea' id='block_1_7' title="bbox 490 774 830 807">
    <p class='ocr_par' dir='ltr' id='par_1_7' title="bbox 490 774 830 807">
     <span class='ocr_line' id='line_1_9' title="bbox 490 774 830 807; baseline -0.006 0"><span class='ocrx_word' id='word_1_41' title='bbox 490 775 618 807; x_wconf 83' lang='lat' dir='ltr'><strong>Fretum</strong></span> <span class='ocrx_word' id='word_1_42' title='bbox 643 774 830 806; x_wconf 77' lang='lat' dir='ltr'>Coi-eanum.</span> 
     </span>
    </p>
   </div>
   <div class='ocr_carea' id='block_1_8' title="bbox 490 830 1340 903">
    <p class='ocr_par' dir='ltr' id='par_1_8' title="bbox 490 830 1340 903">
     <span class='ocr_line' id='line_1_10' title="bbox 490 830 947 862; baseline -0.002 0"><span class='ocrx_word' id='word_1_43' title='bbox 490 830 674 862; x_wconf 87' lang='lat' dir='ltr'>Rissoaceis</span> <span class='ocrx_word' id='word_1_44' title='bbox 697 830 867 862; x_wconf 87' lang='lat' dir='ltr'>inserenda</span> <span class='ocrx_word' id='word_1_45' title='bbox 890 831 947 861; x_wconf 83' lang='lat' dir='ltr'>est.</span> 
     </span>
     <span class='ocr_line' id='line_1_11' title="bbox 1196 870 1340 903; baseline 0.007 -8"><span class='ocrx_word' id='word_1_46' title='bbox 1196 870 1262 903; x_wconf 84' lang='lat' dir='ltr'>Pag.</span> <span class='ocrx_word' id='word_1_47' title='bbox 1285 870 1340 896; x_wconf 74' lang='lat'>124.</span> 
     </span>
    </p>
   </div>
   <div class='ocr_carea' id='block_1_9' title="bbox 925 929 1601 972">
    <p class='ocr_par' dir='ltr' id='par_1_9' title="bbox 925 929 1601 972">
     <span class='ocr_line' id='line_1_12' title="bbox 925 929 1601 972; baseline -0.004 -9"><span class='ocrx_word' id='word_1_48' title='bbox 925 930 1098 972; x_wconf 86' lang='lat' dir='ltr'>Capulus</span> <span class='ocrx_word' id='word_1_49' title='bbox 1133 930 1340 962; x_wconf 84' lang='lat' dir='ltr'>dilatatus</span> <span class='ocrx_word' id='word_1_50' title='bbox 1376 930 1411 960; x_wconf 85' lang='lat' dir='ltr'>A.</span> <span class='ocrx_word' id='word_1_51' title='bbox 1447 929 1601 960; x_wconf 85' lang='lat' dir='ltr'>Adams.</span> 
     </span>
    </p>
   </div>
   <div class='ocr_carea' id='block_1_10' title="bbox 334 997 2199 1539">
    <p class='ocr_par' dir='ltr' id='par_1_10' title="bbox 490 997 2059 1038">
     <span class='ocr_line' id='line_1_13' title="bbox 490 997 2059 1038; baseline -0.003 -6"><span class='ocrx_word' id='word_1_52' title='bbox 490 1000 639 1032; x_wconf 90' lang='lat' dir='ltr'>Iconibus</span> <span class='ocrx_word' id='word_1_53' title='bbox 665 1000 712 1031; x_wconf 89' lang='lat'>12.</span> <span class='ocrx_word' id='word_1_54' title='bbox 739 1000 787 1032; x_wconf 90' lang='lat'>13.</span> <span class='ocrx_word' id='word_1_55' title='bbox 815 1000 863 1031; x_wconf 88' lang='lat'>14.</span> <span class='ocrx_word' id='word_1_56' title='bbox 888 999 1029 1031; x_wconf 77' lang='lat' dir='ltr'>Tabulae</span> <span class='ocrx_word' id='word_1_57' title='bbox 1053 1002 1181 1030; x_wconf 84' lang='lat' dir='ltr'>nostrae</span> <span class='ocrx_word' id='word_1_58' title='bbox 1208 998 1255 1029; x_wconf 85' lang='lat'>12.</span> <span class='ocrx_word' id='word_1_59' title='bbox 1280 997 1526 1038; x_wconf 75' lang='lat' dir='ltr'>descriptionem</span> <span class='ocrx_word' id='word_1_60' title='bbox 1549 997 1601 1028; x_wconf 91' lang='lat' dir='ltr'>hic</span> <span class='ocrx_word' id='word_1_61' title='bbox 1624 997 1750 1037; x_wconf 82' lang='lat' dir='ltr'>adjicio,</span> <span class='ocrx_word' id='word_1_62' title='bbox 1776 999 1872 1029; x_wconf 83' lang='lat' dir='ltr'>antea</span> <span class='ocrx_word' id='word_1_63' title='bbox 1896 997 2059 1029; x_wconf 89' lang='lat' dir='ltr'>omissam:</span> 
     </span>
    </p>

    <p class='ocr_par' dir='ltr' id='par_1_11' title="bbox 334 1052 2199 1315">
     <span class='ocr_line' id='line_1_14' title="bbox 493 1052 2199 1095; baseline -0.001 -8"><span class='ocrx_word' id='word_1_64' title='bbox 493 1056 589 1087; x_wconf 87' lang='lat' dir='ltr'>Testa</span> <span class='ocrx_word' id='word_1_65' title='bbox 612 1055 703 1086; x_wconf 89' lang='lat' dir='ltr'>valde</span> <span class='ocrx_word' id='word_1_66' title='bbox 728 1055 888 1095; x_wconf 81' lang='lat' dir='ltr'>depressa⁷</span> <span class='ocrx_word' id='word_1_67' title='bbox 912 1054 1179 1095; x_wconf 86' lang='lat' dir='ltr'>ovato-elliptica,</span> <span class='ocrx_word' id='word_1_68' title='bbox 1212 1053 1357 1094; x_wconf 84' lang='lat' dir='ltr'>strigillis</span> <span class='ocrx_word' id='word_1_69' title='bbox 1381 1052 1535 1084; x_wconf 70' lang='lat' dir='ltr'>obsoletis</span> <span class='ocrx_word' id='word_1_70' title='bbox 1558 1052 1786 1084; x_wconf 86' lang='lat' dir='ltr'>subundulatis</span> <span class='ocrx_word' id='word_1_71' title='bbox 1810 1053 2014 1084; x_wconf 81' lang='lat' dir='ltr'>radiantibus</span> <span class='ocrx_word' id='word_1_72' title='bbox 2045 1064 2084 1085; x_wconf 91' lang='lat' dir='ltr'>ex</span> <span class='ocrx_word' id='word_1_73' title='bbox 2106 1056 2199 1094; x_wconf 85' lang='lat' dir='ltr'>parte</span> 
     </span>
     <span class='ocr_line' id='line_1_15' title="bbox 335 1108 2198 1150; baseline -0.001 -7"><span class='ocrx_word' id='word_1_74' title='bbox 335 1111 395 1144; x_wconf 88' lang='lat' dir='ltr'>sub</span> <span class='ocrx_word' id='word_1_75' title='bbox 421 1111 504 1142; x_wconf 88' lang='lat' dir='ltr'>vitro</span> <span class='ocrx_word' id='word_1_76' title='bbox 528 1113 655 1142; x_wconf 86' lang='lat' dir='ltr'>tantum</span> <span class='ocrx_word' id='word_1_77' title='bbox 680 1110 862 1150; x_wconf 83' lang='lat' dir='ltr'>conspicuis</span> <span class='ocrx_word' id='word_1_78' title='bbox 887 1110 1034 1149; x_wconf 79' lang='lat' dir='ltr'>obtecta3</span> <span class='ocrx_word' id='word_1_79' title='bbox 1059 1110 1144 1141; x_wconf 88' lang='lat' dir='ltr'>color</span> <span class='ocrx_word' id='word_1_80' title='bbox 1166 1109 1284 1150; x_wconf 87' lang='lat' dir='ltr'>pallide</span> <span class='ocrx_word' id='word_1_81' title='bbox 1306 1109 1422 1147; x_wconf 82' lang='lat' dir='ltr'>luteus,</span> <span class='ocrx_word' id='word_1_82' title='bbox 1447 1108 1557 1148; x_wconf 86' lang='lat' dir='ltr'>strigis</span> <span class='ocrx_word' id='word_1_83' title='bbox 1581 1108 1820 1140; x_wconf 80' lang='lat' dir='ltr'>obscurioribus</span> <span class='ocrx_word' id='word_1_84' title='bbox 1843 1118 1862 1139; x_wconf 86' lang='lat' dir='ltr'>a</span> <span class='ocrx_word' id='word_1_85' title='bbox 1885 1108 2003 1140; x_wconf 80' lang='lat' dir='ltr'>vertice</span> <span class='ocrx_word' id='word_1_86' title='bbox 2032 1119 2134 1150; x_wconf 88' lang='lat' dir='ltr'>prono</span> <span class='ocrx_word' id='word_1_87' title='bbox 2165 1111 2198 1141; x_wconf 77' lang='lat' dir='ltr'>et</span> 
     </span>
     <span class='ocr_line' id='line_1_16' title="bbox 336 1165 2198 1207; baseline 0 -9"><span class='ocrx_word' id='word_1_88' title='bbox 336 1167 457 1199; x_wconf 87' lang='lat' dir='ltr'>intorto</span> <span class='ocrx_word' id='word_1_89' title='bbox 481 1166 725 1198; x_wconf 82' lang='lat' dir='ltr'>decurrentibus</span> <span class='ocrx_word' id='word_1_90' title='bbox 748 1168 899 1205; x_wconf 81' lang='lat' dir='ltr'>notatus;</span> <span class='ocrx_word' id='word_1_91' title='bbox 932 1165 1100 1207; x_wconf 84' lang='lat' dir='ltr'>epidermis</span> <span class='ocrx_word' id='word_1_92' title='bbox 1123 1165 1312 1196; x_wconf 84' lang='lat' dir='ltr'>tenuissima</span> <span class='ocrx_word' id='word_1_93' title='bbox 1341 1166 1516 1205; x_wconf 81' lang='lat' dir='ltr'>marginem</span> <span class='ocrx_word' id='word_1_94' title='bbox 1550 1176 1660 1197; x_wconf 85' lang='lat' dir='ltr'>versus</span> <span class='ocrx_word' id='word_1_95' title='bbox 1683 1165 1875 1197; x_wconf 84' lang='lat' dir='ltr'>subacntum</span> <span class='ocrx_word' id='word_1_96' title='bbox 1899 1165 2066 1206; x_wconf 87' lang='lat' dir='ltr'>paululum</span> <span class='ocrx_word' id='word_1_97' title='bbox 2089 1166 2198 1198; x_wconf 89' lang='lat' dir='ltr'>lamel-</span> 
     </span>
     <span class='ocr_line' id='line_1_17' title="bbox 334 1219 2196 1261; baseline -0.001 -7"><span class='ocrx_word' id='word_1_98' title='bbox 334 1222 421 1261; x_wconf 78' lang='lat' dir='ltr'>losa3</span> <span class='ocrx_word' id='word_1_99' title='bbox 450 1222 535 1254; x_wconf 83' lang='lat' dir='ltr'>latus</span> <span class='ocrx_word' id='word_1_100' title='bbox 558 1222 720 1253; x_wconf 89' lang='lat' dir='ltr'>internum</span> <span class='ocrx_word' id='word_1_101' title='bbox 752 1221 967 1253; x_wconf 86' lang='lat' dir='ltr'>laevissimum</span> <span class='ocrx_word' id='word_1_102' title='bbox 998 1220 1150 1259; x_wconf 74' lang='lat' dir='ltr'>nitidum3</span> <span class='ocrx_word' id='word_1_103' title='bbox 1186 1219 1351 1260; x_wconf 85' lang='lat' dir='ltr'>impressio</span> <span class='ocrx_word' id='word_1_104' title='bbox 1386 1220 1522 1252; x_wconf 88' lang='lat' dir='ltr'>musculi</span> <span class='ocrx_word' id='word_1_105' title='bbox 1558 1221 1612 1252; x_wconf 87' lang='lat' dir='ltr'>vix</span> <span class='ocrx_word' id='word_1_106' title='bbox 1647 1221 1829 1261; x_wconf 85' lang='lat' dir='ltr'>conspicua.</span> <span class='ocrx_word' id='word_1_107' title='bbox 1853 1238 1895 1242; x_wconf 92' lang='lat'>—</span> <span class='ocrx_word' id='word_1_108' title='bbox 1917 1221 2018 1261; x_wconf 86' lang='lat' dir='ltr'>Long.</span> <span class='ocrx_word' id='word_1_109' title='bbox 2050 1220 2196 1261; x_wconf 82' lang='lat'>28—30;</span> 
     </span>
     <span class='ocr_line' id='line_1_18' title="bbox 335 1275 1360 1315; baseline -0.004 -5"><span class='ocrx_word' id='word_1_110' title='bbox 335 1278 418 1310; x_wconf 86' lang='lat' dir='ltr'>ratio</span> <span class='ocrx_word' id='word_1_111' title='bbox 440 1287 609 1309; x_wconf 82' lang='lat' dir='ltr'>mensurae</span> <span class='ocrx_word' id='word_1_112' title='bbox 631 1277 772 1308; x_wconf 89' lang='lat' dir='ltr'>numeris</span> <span class='ocrx_word' id='word_1_113' title='bbox 796 1277 920 1307; x_wconf 82' lang='lat' dir='ltr'>circiter</span> <span class='ocrx_word' id='word_1_114' title='bbox 945 1276 1015 1315; x_wconf 80' lang='lat'>100,</span> <span class='ocrx_word' id='word_1_115' title='bbox 1039 1276 1091 1314; x_wconf 81' lang='lat'>85,</span> <span class='ocrx_word' id='word_1_116' title='bbox 1116 1275 1157 1307; x_wconf 83' lang='lat'>25</span> <span class='ocrx_word' id='word_1_117' title='bbox 1179 1275 1360 1315; x_wconf 79' lang='lat' dir='ltr'>respondet.</span> 
     </span>
    </p>

    <p class='ocr_par' dir='ltr' id='par_1_12' title="bbox 489 1330 1482 1372">
     <span class='ocr_line' id='line_1_19' title="bbox 489 1330 1482 1372; baseline -0.002 -9"><span class='ocrx_word' id='word_1_118' title='bbox 489 1332 560 1364; x_wconf 89' lang='lat' dir='ltr'>Duo</span> <span class='ocrx_word' id='word_1_119' title='bbox 583 1332 778 1372; x_wconf 85' lang='lat' dir='ltr'>exemplaria</span> <span class='ocrx_word' id='word_1_120' title='bbox 801 1334 949 1372; x_wconf 81' lang='lat' dir='ltr'>prostant</span> <span class='ocrx_word' id='word_1_121' title='bbox 971 1331 1058 1363; x_wconf 84' lang='lat' dir='ltr'>notis</span> <span class='ocrx_word' id='word_1_122' title='bbox 1080 1330 1239 1371; x_wconf 85' lang='lat' dir='ltr'>primariis</span> <span class='ocrx_word' id='word_1_123' title='bbox 1264 1330 1482 1371; x_wconf 83' lang='lat' dir='ltr'>congruentia.</span> 
     </span>
    </p>

    <p class='ocr_par' dir='ltr' id='par_1_13' title="bbox 335 1385 2199 1539">
     <span class='ocr_line' id='line_1_20' title="bbox 489 1385 2199 1427; baseline -0.001 -8"><span class='ocrx_word' id='word_1_124' title='bbox 489 1387 675 1419; x_wconf 83' lang='lat' dir='ltr'>Notandum</span> <span class='ocrx_word' id='word_1_125' title='bbox 699 1387 750 1418; x_wconf 84' lang='lat' dir='ltr'>hic</span> <span class='ocrx_word' id='word_1_126' title='bbox 774 1389 823 1418; x_wconf 86' lang='lat' dir='ltr'>est</span> <span class='ocrx_word' id='word_1_127' title='bbox 845 1387 1070 1418; x_wconf 87' lang='lat' dir='ltr'>Lamarckium</span> <span class='ocrx_word' id='word_1_128' title='bbox 1097 1386 1233 1427; x_wconf 89' lang='lat' dir='ltr'>speciem</span> <span class='ocrx_word' id='word_1_129' title='bbox 1258 1386 1371 1426; x_wconf 91' lang='lat' dir='ltr'>Capuli</span> <span class='ocrx_word' id='word_1_130' title='bbox 1396 1385 1562 1417; x_wconf 79' lang='lat' dir='ltr'>cuiusdam</span> <span class='ocrx_word' id='word_1_131' title='bbox 1587 1385 1710 1417; x_wconf 89' lang='lat' dir='ltr'>telluris</span> <span class='ocrx_word' id='word_1_132' title='bbox 1732 1385 1896 1417; x_wconf 84' lang='lat' dir='ltr'>tertiariae</span> <span class='ocrx_word' id='word_1_133' title='bbox 1914 1385 2054 1417; x_wconf 88' lang='lat' dir='ltr'>fossilem</span> <span class='ocrx_word' id='word_1_134' title='bbox 2069 1385 2199 1418; x_wconf 89' lang='lat' dir='ltr'>nomine</span> 
     </span>
     <span class='ocr_line' id='line_1_21' title="bbox 335 1439 2199 1484; baseline -0.001 -9"><span class='ocrx_word' id='word_1_135' title='bbox 335 1443 529 1484; x_wconf 88' lang='lat' dir='ltr'>Pileopsidis</span> <span class='ocrx_word' id='word_1_136' title='bbox 562 1443 714 1474; x_wconf 83' lang='lat' dir='ltr'>dilatatae</span> <span class='ocrx_word' id='word_1_137' title='bbox 745 1443 811 1483; x_wconf 85' lang='lat' dir='ltr'>jam</span> <span class='ocrx_word' id='word_1_138' title='bbox 844 1442 1058 1483; x_wconf 84' lang='lat' dir='ltr'>descripsisse,</span> <span class='ocrx_word' id='word_1_139' title='bbox 1091 1443 1296 1482; x_wconf 88' lang='lat' dir='ltr'>quaqropter,</span> <span class='ocrx_word' id='word_1_140' title='bbox 1325 1441 1352 1472; x_wconf 90' lang='lat' dir='ltr'>si</span> <span class='ocrx_word' id='word_1_141' title='bbox 1379 1440 1435 1472; x_wconf 88' lang='lat' dir='ltr'>illa</span> <span class='ocrx_word' id='word_1_142' title='bbox 1463 1440 1585 1481; x_wconf 85' lang='lat' dir='ltr'>species</span> <span class='ocrx_word' id='word_1_143' title='bbox 1613 1440 1732 1472; x_wconf 85' lang='lat' dir='ltr'>fossilis</span> <span class='ocrx_word' id='word_1_144' title='bbox 1759 1440 1799 1472; x_wconf 85' lang='lat' dir='ltr'>ad</span> <span class='ocrx_word' id='word_1_145' title='bbox 1830 1440 1915 1472; x_wconf 90' lang='lat' dir='ltr'>idem</span> <span class='ocrx_word' id='word_1_146' title='bbox 1947 1439 2199 1481; x_wconf 85' lang='lat' dir='ltr'>Capulaceorum</span> 
     </span>
     <span class='ocr_line' id='line_1_22' title="bbox 336 1495 2012 1539; baseline -0.002 -9"><span class='ocrx_word' id='word_1_147' title='bbox 336 1509 437 1539; x_wconf 85' lang='lat' dir='ltr'>genus</span> <span class='ocrx_word' id='word_1_148' title='bbox 461 1498 631 1539; x_wconf 82' lang='lat' dir='ltr'>pertineat,</span> <span class='ocrx_word' id='word_1_149' title='bbox 654 1508 770 1530; x_wconf 89' lang='lat' dir='ltr'>nomen</span> <span class='ocrx_word' id='word_1_150' title='bbox 793 1497 920 1539; x_wconf 83' lang='lat' dir='ltr'>speciei,</span> <span class='ocrx_word' id='word_1_151' title='bbox 944 1497 983 1528; x_wconf 90' lang='lat' dir='ltr'>de</span> <span class='ocrx_word' id='word_1_152' title='bbox 1008 1508 1072 1537; x_wconf 87' lang='lat' dir='ltr'>qua</span> <span class='ocrx_word' id='word_1_153' title='bbox 1094 1496 1147 1528; x_wconf 88' lang='lat' dir='ltr'>hic</span> <span class='ocrx_word' id='word_1_154' title='bbox 1170 1500 1219 1528; x_wconf 89' lang='lat' dir='ltr'>est</span> <span class='ocrx_word' id='word_1_155' title='bbox 1241 1507 1354 1535; x_wconf 89' lang='lat' dir='ltr'>sermo,</span> <span class='ocrx_word' id='word_1_156' title='bbox 1378 1499 1488 1537; x_wconf 90' lang='lat' dir='ltr'>aptum</span> <span class='ocrx_word' id='word_1_157' title='bbox 1511 1495 1719 1528; x_wconf 85' lang='lat' dir='ltr'>nihilosecius</span> <span class='ocrx_word' id='word_1_158' title='bbox 1741 1496 1931 1528; x_wconf 85' lang='lat' dir='ltr'>mutandum</span> <span class='ocrx_word' id='word_1_159' title='bbox 1954 1498 2012 1528; x_wconf 91' lang='lat' dir='ltr'>est.</span> 
     </span>
    </p>
   </div>
   <div class='ocr_carea' id='block_1_11' title="bbox 978 1589 1554 1678">
    <p class='ocr_par' dir='ltr' id='par_1_14' title="bbox 978 1589 1554 1678">
     <span class='ocr_line' id='line_1_23' title="bbox 1192 1589 1338 1623; baseline 0 -8"><span class='ocrx_word' id='word_1_160' title='bbox 1192 1589 1259 1623; x_wconf 83' lang='lat' dir='ltr'>Pag.</span> <span class='ocrx_word' id='word_1_161' title='bbox 1281 1589 1338 1616; x_wconf 87' lang='lat'>128.</span> 
     </span>
     <span class='ocr_line' id='line_1_24' title="bbox 978 1644 1554 1678; baseline -0.002 -2"><span class='ocrx_word' id='word_1_162' title='bbox 978 1645 1115 1678; x_wconf 89' lang='lat' dir='ltr'>Turbo</span> <span class='ocrx_word' id='word_1_163' title='bbox 1151 1645 1374 1677; x_wconf 86' lang='lat' dir='ltr'>variabilis</span> <span class='ocrx_word' id='word_1_164' title='bbox 1407 1644 1554 1676; x_wconf 87' lang='lat' dir='ltr'>Reeve.</span> 
     </span>
    </p>
   </div>
   <div class='ocr_carea' id='block_1_12' title="bbox 337 1706 2199 1808">
    <p class='ocr_par' dir='ltr' id='par_1_15' title="bbox 337 1706 2199 1808">
     <span class='ocr_line' id='line_1_25' title="bbox 492 1706 2199 1750; baseline -0.001 -8"><span class='ocrx_word' id='word_1_165' title='bbox 492 1710 573 1742; x_wconf 87' lang='lat' dir='ltr'>Clar.</span> <span class='ocrx_word' id='word_1_166' title='bbox 606 1709 745 1750; x_wconf 83' lang='lat' dir='ltr'>Philippi</span> <span class='ocrx_word' id='word_1_167' title='bbox 778 1709 861 1741; x_wconf 88' lang='lat' dir='ltr'>hanc</span> <span class='ocrx_word' id='word_1_168' title='bbox 895 1710 1033 1750; x_wconf 90' lang='lat' dir='ltr'>speciem</span> <span class='ocrx_word' id='word_1_169' title='bbox 1064 1709 1237 1741; x_wconf 85' lang='lat' dir='ltr'>Turbinem</span> <span class='ocrx_word' id='word_1_170' title='bbox 1260 1708 1376 1741; x_wconf 86' lang='lat' dir='ltr'>Reevei</span> <span class='ocrx_word' id='word_1_171' title='bbox 1406 1708 1596 1746; x_wconf 79' lang='lat' dir='ltr'>nominavit,</span> <span class='ocrx_word' id='word_1_172' title='bbox 1628 1707 1704 1748; x_wconf 88' lang='lat' dir='ltr'>quia</span> <span class='ocrx_word' id='word_1_173' title='bbox 1728 1706 1902 1750; x_wconf 88' lang='lat' dir='ltr'>Grateloup</span> <span class='ocrx_word' id='word_1_174' title='bbox 1926 1717 2011 1740; x_wconf 88' lang='lat' dir='ltr'>anno</span> <span class='ocrx_word' id='word_1_175' title='bbox 2037 1706 2118 1739; x_wconf 81' lang='lat'>1842</span> <span class='ocrx_word' id='word_1_176' title='bbox 2140 1717 2199 1748; x_wconf 86' lang='lat' dir='ltr'>pro</span> 
     </span>
     <span class='ocr_line' id='line_1_26' title="bbox 337 1762 2199 1808; baseline -0.003 -10"><span class='ocrx_word' id='word_1_177' title='bbox 337 1767 440 1808; x_wconf 87' lang='lat' dir='ltr'>specie</span> <span class='ocrx_word' id='word_1_178' title='bbox 456 1766 557 1798; x_wconf 86' lang='lat' dir='ltr'>fossili</span> <span class='ocrx_word' id='word_1_179' title='bbox 574 1766 679 1798; x_wconf 86' lang='lat' dir='ltr'>aliena</span> <span class='ocrx_word' id='word_1_180' title='bbox 693 1764 754 1796; x_wconf 88' lang='lat' dir='ltr'>hac</span> <span class='ocrx_word' id='word_1_181' title='bbox 772 1765 1032 1797; x_wconf 86' lang='lat' dir='ltr'>denominatione</span> <span class='ocrx_word' id='word_1_182' title='bbox 1047 1765 1113 1805; x_wconf 86' lang='lat' dir='ltr'>jam</span> <span class='ocrx_word' id='word_1_183' title='bbox 1130 1775 1207 1796; x_wconf 90' lang='lat' dir='ltr'>usus</span> <span class='ocrx_word' id='word_1_184' title='bbox 1225 1766 1281 1796; x_wconf 90' lang='lat' dir='ltr'>est.</span> <span class='ocrx_word' id='word_1_185' title='bbox 1329 1764 1405 1804; x_wconf 84' lang='lat' dir='ltr'>(Cfr.</span> <span class='ocrx_word' id='word_1_186' title='bbox 1423 1762 1542 1797; x_wconf 83' lang='lat' dir='ltr'>Conch.</span> <span class='ocrx_word' id='word_1_187' title='bbox 1561 1762 1638 1795; x_wconf 87' lang='lat' dir='ltr'>Cab.</span> <span class='ocrx_word' id='word_1_188' title='bbox 1657 1763 1704 1795; x_wconf 90' lang='lat' dir='ltr'>ed.</span> <span class='ocrx_word' id='word_1_189' title='bbox 1723 1763 1752 1795; x_wconf 82' lang='lat'>2.</span> <span class='ocrx_word' id='word_1_190' title='bbox 1768 1774 1841 1804; x_wconf 85' lang='lat' dir='ltr'>pag.</span> <span class='ocrx_word' id='word_1_191' title='bbox 1858 1763 1910 1795; x_wconf 83' lang='lat'>48.</span> <span class='ocrx_word' id='word_1_192' title='bbox 1928 1763 2005 1795; x_wconf 90' lang='lat' dir='ltr'>Tab.</span> <span class='ocrx_word' id='word_1_193' title='bbox 2021 1763 2070 1794; x_wconf 81' lang='lat'>12.</span> <span class='ocrx_word' id='word_1_194' title='bbox 2087 1762 2140 1803; x_wconf 89' lang='lat' dir='ltr'>fig.</span> <span class='ocrx_word' id='word_1_195' title='bbox 2154 1762 2199 1802; x_wconf 85' lang='lat'>2.)</span> 
     </span>
    </p>
   </div>
   <div class='ocr_carea' id='block_1_13' title="bbox 1196 1857 1341 1891">
    <p class='ocr_par' dir='ltr' id='par_1_16' title="bbox 1196 1857 1341 1891">
     <span class='ocr_line' id='line_1_27' title="bbox 1196 1857 1341 1891; baseline 0 -8"><span class='ocrx_word' id='word_1_196' title='bbox 1196 1857 1263 1891; x_wconf 81' lang='lat' dir='ltr'>Pag.</span> <span class='ocrx_word' id='word_1_197' title='bbox 1284 1857 1341 1883; x_wconf 89' lang='lat'>131.</span> 
     </span>
    </p>
   </div>
   <div class='ocr_carea' id='block_1_14' title="bbox 543 1912 1904 2009">
    <p class='ocr_par' dir='ltr' id='par_1_17' title="bbox 543 1912 1904 2009">
     <span class='ocr_line' id='line_1_28' title="bbox 837 1912 1718 1954; baseline -0.001 -9"><span class='ocrx_word' id='word_1_198' title='bbox 837 1912 1120 1954; x_wconf 81' lang='lat' dir='ltr'>Cyclostrema</span> <span class='ocrx_word' id='word_1_199' title='bbox 1153 1923 1459 1944; x_wconf 85' lang='lat' dir='ltr'>ammonoceras</span> <span class='ocrx_word' id='word_1_200' title='bbox 1492 1912 1528 1944; x_wconf 84' lang='lat' dir='ltr'>A.</span> <span class='ocrx_word' id='word_1_201' title='bbox 1563 1912 1718 1944; x_wconf 88' lang='lat' dir='ltr'>Adams.</span> 
     </span>
     <span class='ocr_line' id='line_1_29' title="bbox 543 1974 1904 2009; baseline -0.004 -5"><span class='ocrx_word' id='word_1_202' title='bbox 543 1978 611 2004; x_wconf 74' lang='lat' dir='ltr'>Ann.</span> <span class='ocrx_word' id='word_1_203' title='bbox 631 1977 684 2003; x_wconf 85' lang='lat' dir='ltr'>and</span> <span class='ocrx_word' id='word_1_204' title='bbox 704 1977 778 2009; x_wconf 80' lang='lat' dir='ltr'>Mag.</span> <span class='ocrx_word' id='word_1_205' title='bbox 798 1976 864 2003; x_wconf 82' lang='lat' dir='ltr'>Nat.</span> <span class='ocrx_word' id='word_1_206' title='bbox 883 1976 954 2002; x_wconf 80' lang='lat' dir='ltr'>Hist.</span> <span class='ocrx_word' id='word_1_207' title='bbox 976 1975 1048 2002; x_wconf 82' lang='lat'>1863.</span> <span class='ocrx_word' id='word_1_208' title='bbox 1086 1975 1165 2002; x_wconf 87' lang='lat' dir='ltr'>Thes.</span> <span class='ocrx_word' id='word_1_209' title='bbox 1186 1974 1283 2002; x_wconf 84' lang='lat' dir='ltr'>Conch.</span> <span class='ocrx_word' id='word_1_210' title='bbox 1303 1975 1355 2001; x_wconf 77' lang='lat' dir='ltr'>vol.</span> <span class='ocrx_word' id='word_1_211' title='bbox 1375 1976 1397 2002; x_wconf 82' lang='lat'>3.</span> <span class='ocrx_word' id='word_1_212' title='bbox 1417 1983 1478 2009; x_wconf 84' lang='lat' dir='ltr'>pag.</span> <span class='ocrx_word' id='word_1_213' title='bbox 1499 1975 1557 2002; x_wconf 74' lang='lat'>252.</span> <span class='ocrx_word' id='word_1_214' title='bbox 1577 1975 1641 2002; x_wconf 87' lang='lat' dir='ltr'>Tab.</span> <span class='ocrx_word' id='word_1_215' title='bbox 1661 1975 1720 2001; x_wconf 82' lang='lat'>255.</span> <span class='ocrx_word' id='word_1_216' title='bbox 1739 1975 1784 2009; x_wconf 83' lang='lat' dir='ltr'>fig.</span> <span class='ocrx_word' id='word_1_217' title='bbox 1803 1974 1844 2000; x_wconf 90' lang='lat'>21.</span> <span class='ocrx_word' id='word_1_218' title='bbox 1863 1974 1904 2000; x_wconf 88' lang='lat'>22.</span> 
     </span>
    </p>
   </div>
   <div class='ocr_carea' id='block_1_15' title="bbox 493 2037 1144 2080">
    <p class='ocr_par' dir='ltr' id='par_1_18' title="bbox 493 2037 1144 2080">
     <span class='ocr_line' id='line_1_30' title="bbox 493 2037 1144 2080; baseline -0.003 -10"><span class='ocrx_word' id='word_1_219' title='bbox 493 2038 668 2080; x_wconf 88' lang='lat' dir='ltr'>Speciebus</span> <span class='ocrx_word' id='word_1_220' title='bbox 692 2037 857 2079; x_wconf 86' lang='lat' dir='ltr'>Japonicis</span> <span class='ocrx_word' id='word_1_221' title='bbox 880 2037 1062 2069; x_wconf 86' lang='lat' dir='ltr'>addendum</span> <span class='ocrx_word' id='word_1_222' title='bbox 1085 2039 1144 2069; x_wconf 85' lang='lat' dir='ltr'>est.</span> 
     </span>
    </p>
   </div>
   <div class='ocr_carea' id='block_1_16' title="bbox 1197 2119 1339 2154">
    <p class='ocr_par' dir='ltr' id='par_1_19' title="bbox 1197 2119 1339 2154">
     <span class='ocr_line' id='line_1_31' title="bbox 1197 2119 1339 2154; baseline 0 -8"><span class='ocrx_word' id='word_1_223' title='bbox 1197 2120 1263 2154; x_wconf 77' lang='lat' dir='ltr'>Pag.</span> <span class='ocrx_word' id='word_1_224' title='bbox 1283 2119 1339 2146; x_wconf 84' lang='lat'>137.</span> 
     </span>
    </p>
   </div>
   <div class='ocr_carea' id='block_1_17' title="bbox 544 2175 1621 2275">
    <p class='ocr_par' dir='ltr' id='par_1_20' title="bbox 544 2175 1621 2275">
     <span class='ocr_line' id='line_1_32' title="bbox 915 2175 1621 2210; baseline -0.006 0"><span class='ocrx_word' id='word_1_225' title='bbox 915 2178 1103 2210; x_wconf 85' lang='lat' dir='ltr'>Trochus</span> <span class='ocrx_word' id='word_1_226' title='bbox 1137 2178 1370 2209; x_wconf 84' lang='lat' dir='ltr'>iridescens</span> <span class='ocrx_word' id='word_1_227' title='bbox 1404 2175 1621 2208; x_wconf 90' lang='lat' dir='ltr'>Schrenck.</span> 
     </span>
     <span class='ocr_line' id='line_1_33' title="bbox 544 2239 1258 2275; baseline -0.004 -7"><span class='ocrx_word' id='word_1_228' title='bbox 544 2241 646 2268; x_wconf 78' lang='lat' dir='ltr'>Amin-l.</span> <span class='ocrx_word' id='word_1_229' title='bbox 665 2241 716 2268; x_wconf 88' lang='lat' dir='ltr'>vol.</span> <span class='ocrx_word' id='word_1_230' title='bbox 736 2241 760 2267; x_wconf 92' lang='lat'>2.</span> <span class='ocrx_word' id='word_1_231' title='bbox 779 2249 841 2275; x_wconf 85' lang='lat' dir='ltr'>pag.</span> <span class='ocrx_word' id='word_1_232' title='bbox 859 2241 918 2267; x_wconf 81' lang='lat'>356.</span> <span class='ocrx_word' id='word_1_233' title='bbox 939 2240 1004 2267; x_wconf 87' lang='lat' dir='ltr'>Tab.</span> <span class='ocrx_word' id='word_1_234' title='bbox 1025 2241 1064 2266; x_wconf 88' lang='lat'>15.</span> <span class='ocrx_word' id='word_1_235' title='bbox 1084 2240 1129 2274; x_wconf 63' lang='lat' dir='ltr'>fig?</span> <span class='ocrx_word' id='word_1_236' title='bbox 1150 2239 1258 2266; x_wconf 74' lang='lat'>19—24.</span> 
     </span>
    </p>
   </div>
   <div class='ocr_carea' id='block_1_18' title="bbox 337 2301 2201 2618">
    <p class='ocr_par' dir='ltr' id='par_1_21' title="bbox 492 2301 1075 2343">
     <span class='ocr_line' id='line_1_34' title="bbox 492 2301 1075 2343; baseline -0.005 -8"><span class='ocrx_word' id='word_1_237' title='bbox 492 2303 585 2335; x_wconf 88' lang='lat' dir='ltr'>Litus</span> <span class='ocrx_word' id='word_1_238' title='bbox 607 2303 786 2341; x_wconf 74' lang='lat' dir='ltr'>Jessoense,</span> <span class='ocrx_word' id='word_1_239' title='bbox 810 2302 901 2343; x_wconf 88' lang='lat' dir='ltr'>Algis</span> <span class='ocrx_word' id='word_1_240' title='bbox 923 2301 1075 2333; x_wconf 86' lang='lat' dir='ltr'>insidens.</span> 
     </span>
    </p>

    <p class='ocr_par' dir='ltr' id='par_1_22' title="bbox 337 2350 2199 2511">
     <span class='ocr_line' id='line_1_35' title="bbox 493 2350 2199 2400; baseline -0.006 -10"><span class='ocrx_word' id='word_1_241' title='bbox 493 2358 621 2400; x_wconf 86' lang='lat' dir='ltr'>Species</span> <span class='ocrx_word' id='word_1_242' title='bbox 642 2358 777 2399; x_wconf 86' lang='lat' dir='ltr'>parvula</span> <span class='ocrx_word' id='word_1_243' title='bbox 799 2357 937 2389; x_wconf 86' lang='lat' dir='ltr'>solidula</span> <span class='ocrx_word' id='word_1_244' title='bbox 960 2356 1218 2397; x_wconf 87' lang='lat' dir='ltr'>ovato-globosa,</span> <span class='ocrx_word' id='word_1_245' title='bbox 1242 2354 1331 2395; x_wconf 83' lang='lat' dir='ltr'>apice</span> <span class='ocrx_word' id='word_1_246' title='bbox 1354 2356 1459 2393; x_wconf 86' lang='lat' dir='ltr'>acuta,</span> <span class='ocrx_word' id='word_1_247' title='bbox 1481 2353 1728 2391; x_wconf 72' lang='lat' dir='ltr'>turbinfformis,</span> <span class='ocrx_word' id='word_1_248' title='bbox 1751 2351 1952 2384; x_wconf 84' lang='lat' dir='ltr'>anfractibus</span> <span class='ocrx_word' id='word_1_249' title='bbox 1969 2350 2077 2390; x_wconf 86' lang='lat' dir='ltr'>quinis</span> <span class='ocrx_word' id='word_1_250' title='bbox 2093 2351 2199 2381; x_wconf 87' lang='lat' dir='ltr'>trans-</span> 
     </span>
     <span class='ocr_line' id='line_1_36' title="bbox 337 2405 2199 2453; baseline -0.006 -7"><span class='ocrx_word' id='word_1_251' title='bbox 337 2414 453 2447; x_wconf 89' lang='lat' dir='ltr'>versim</span> <span class='ocrx_word' id='word_1_252' title='bbox 488 2414 621 2446; x_wconf 87' lang='lat' dir='ltr'>costatis</span> <span class='ocrx_word' id='word_1_253' title='bbox 657 2413 862 2453; x_wconf 84' lang='lat' dir='ltr'>tenuiterque</span> <span class='ocrx_word' id='word_1_254' title='bbox 896 2412 1030 2451; x_wconf 84' lang='lat' dir='ltr'>striatis,</span> <span class='ocrx_word' id='word_1_255' title='bbox 1066 2411 1281 2443; x_wconf 85' lang='lat' dir='ltr'>subcarinatis</span> <span class='ocrx_word' id='word_1_256' title='bbox 1315 2410 1488 2448; x_wconf 74' lang='lat' dir='ltr'>instructa3</span> <span class='ocrx_word' id='word_1_257' title='bbox 1524 2411 1674 2449; x_wconf 86' lang='lat' dir='ltr'>apertura</span> <span class='ocrx_word' id='word_1_258' title='bbox 1709 2406 1970 2445; x_wconf 84' lang='lat' dir='ltr'>suborbicularis,</span> <span class='ocrx_word' id='word_1_259' title='bbox 2009 2405 2199 2448; x_wconf 77' lang='lat' dir='ltr'>iridescens3</span> 
     </span>
     <span class='ocr_line' id='line_1_37' title="bbox 339 2468 1092 2511; baseline -0.005 -9"><span class='ocrx_word' id='word_1_260' title='bbox 339 2469 522 2511; x_wconf 84' lang='lat' dir='ltr'>operculum</span> <span class='ocrx_word' id='word_1_261' title='bbox 545 2471 642 2500; x_wconf 87' lang='lat' dir='ltr'>tenue</span> <span class='ocrx_word' id='word_1_262' title='bbox 665 2478 815 2500; x_wconf 86' lang='lat' dir='ltr'>corneum</span> <span class='ocrx_word' id='word_1_263' title='bbox 838 2468 1092 2508; x_wconf 83' lang='lat' dir='ltr'>multigyratum.</span> 
     </span>
    </p>

    <p class='ocr_par' dir='ltr' id='par_1_23' title="bbox 339 2513 2201 2618">
     <span class='ocr_line' id='line_1_38' title="bbox 493 2513 2199 2561; baseline -0.007 -4"><span class='ocrx_word' id='word_1_264' title='bbox 493 2525 580 2556; x_wconf 86' lang='lat' dir='ltr'>Haec</span> <span class='ocrx_word' id='word_1_265' title='bbox 614 2524 776 2556; x_wconf 87' lang='lat' dir='ltr'>cochleola</span> <span class='ocrx_word' id='word_1_266' title='bbox 811 2523 958 2555; x_wconf 86' lang='lat' dir='ltr'>habitum</span> <span class='ocrx_word' id='word_1_267' title='bbox 986 2522 1138 2553; x_wconf 85' lang='lat' dir='ltr'>Turbinis</span> <span class='ocrx_word' id='word_1_268' title='bbox 1160 2520 1326 2561; x_wconf 86' lang='lat' dir='ltr'>cujusdam</span> <span class='ocrx_word' id='word_1_269' title='bbox 1358 2519 1490 2551; x_wconf 86' lang='lat' dir='ltr'>minoris</span> <span class='ocrx_word' id='word_1_270' title='bbox 1514 2529 1589 2560; x_wconf 85' lang='lat' dir='ltr'>prae</span> <span class='ocrx_word' id='word_1_271' title='bbox 1611 2529 1646 2550; x_wconf 88' lang='lat' dir='ltr'>se</span> <span class='ocrx_word' id='word_1_272' title='bbox 1665 2517 1736 2556; x_wconf 86' lang='lat' dir='ltr'>fert,</span> <span class='ocrx_word' id='word_1_273' title='bbox 1760 2518 1816 2550; x_wconf 90' lang='lat' dir='ltr'>sed</span> <span class='ocrx_word' id='word_1_274' title='bbox 1839 2516 1987 2558; x_wconf 86' lang='lat' dir='ltr'>operculo</span> <span class='ocrx_word' id='word_1_275' title='bbox 2011 2524 2127 2547; x_wconf 87' lang='lat' dir='ltr'>corneo</span> <span class='ocrx_word' id='word_1_276' title='bbox 2150 2513 2199 2545; x_wconf 89' lang='lat' dir='ltr'>in-</span> 
     </span>
     <span class='ocr_line' id='line_1_39' title="bbox 339 2569 2201 2618; baseline -0.006 -5"><span class='ocrx_word' id='word_1_277' title='bbox 339 2583 463 2613; x_wconf 81' lang='lat' dir='ltr'>structa</span> <span class='ocrx_word' id='word_1_278' title='bbox 496 2583 554 2612; x_wconf 85' lang='lat' dir='ltr'>est.</span> <span class='ocrx_word' id='word_1_279' title='bbox 600 2580 777 2618; x_wconf 81' lang='lat' dir='ltr'>Quemnam</span> <span class='ocrx_word' id='word_1_280' title='bbox 809 2579 915 2611; x_wconf 91' lang='lat' dir='ltr'>locum</span> <span class='ocrx_word' id='word_1_281' title='bbox 950 2579 983 2609; x_wconf 87' lang='lat' dir='ltr'>in</span> <span class='ocrx_word' id='word_1_282' title='bbox 1017 2578 1127 2609; x_wconf 88' lang='lat' dir='ltr'>ordine</span> <span class='ocrx_word' id='word_1_283' title='bbox 1160 2575 1364 2617; x_wconf 76' lang='lat' dir='ltr'>systematico</span> <span class='ocrx_word' id='word_1_284' title='bbox 1397 2577 1506 2606; x_wconf 87' lang='lat' dir='ltr'>tenere</span> <span class='ocrx_word' id='word_1_285' title='bbox 1539 2574 1653 2606; x_wconf 87' lang='lat' dir='ltr'>debeat</span> <span class='ocrx_word' id='word_1_286' title='bbox 1688 2573 1792 2605; x_wconf 86' lang='lat' dir='ltr'>adhuc</span> <span class='ocrx_word' id='word_1_287' title='bbox 1826 2572 1960 2604; x_wconf 87' lang='lat' dir='ltr'>dubium</span> <span class='ocrx_word' id='word_1_288' title='bbox 1983 2573 2041 2602; x_wconf 88' lang='lat' dir='ltr'>est.</span> <span class='ocrx_word' id='word_1_289' title='bbox 2088 2569 2201 2601; x_wconf 82' lang='lat' dir='ltr'>Partes</span> 
     </span>
    </p>
   </div>
   <div class='ocr_carea' id='block_1_19' title="bbox 339 2635 801 2668">
    <p class='ocr_par' dir='ltr' id='par_1_24' title="bbox 339 2635 801 2668">
     <span class='ocr_line' id='line_1_40' title="bbox 339 2635 801 2668; baseline -0.004 0"><span class='ocrx_word' id='word_1_290' title='bbox 339 2636 450 2668; x_wconf 90' lang='lat' dir='ltr'>molles</span> <span class='ocrx_word' id='word_1_291' title='bbox 472 2635 559 2667; x_wconf 89' lang='lat' dir='ltr'>haud</span> <span class='ocrx_word' id='word_1_292' title='bbox 582 2635 801 2667; x_wconf 83' lang='lat' dir='ltr'>innotuerunt.</span> 
     </span>
    </p>
   </div>
  </div>
 </body>
</html>
