2379 3382
904 290 943 294 --
988 272 1049 303 227
1094 290 1136 294 —

253 359 365 390 Dicata
388 360 437 390 est
459 360 568 390 nostra
590 359 709 399 species
733 357 844 390 Carolo
868 358 963 390 Zittel
986 358 1230 399 palaeontologo
1254 358 1377 389 illustri.

254 414 402 446 Fortasse
423 413 624 455 Lithophaga
647 413 817 445 canalifera
840 414 932 444 Hanl.
957 414 1058 455 (Proc.
1082 413 1168 445 Zool.
1190 412 1259 445 Soc.
1281 413 1371 444 1844.
1389 425 1459 454 pag.
1481 414 1541 453 16.)
1566 415 1662 446 etiam
1685 416 1766 447 inter
1783 416 1936 448 Mollusca

99 470 255 510 Japonica
277 469 491 501 enumeranda
514 471 570 508 est,
594 481 667 500 nam
690 468 846 510 specimen
870 469 986 506 minus,
1010 469 1094 510 quod
1111 469 1286 508 Hamburgi
1310 470 1470 509 quondam
1493 470 1626 511 adeptus
1643 482 1722 509 sum,
1746 483 1785 503 ex
1801 472 1936 513 Japonia

102 526 283 566 provenisse
305 528 459 557 mercator
482 536 584 556 rerum
608 524 801 556 naturalium
823 524 1000 556 affirmavit.

699 648 822 681 Genus
845 647 969 682 Adula
992 647 1035 681 H.
1059 649 1096 681 et
1119 647 1162 681 A.
1185 647 1334 681 Adams.

538 726 669 757 Adula
700 725 1031 757 Californiensis
1063 726 1252 757 Eschsch.
1284 725 1502 767 (Modiola).

307 792 457 820 Modiola
487 793 761 819 Californicnsis
790 793 945 819 Eschsch.
972 793 1090 819 Museum
1117 794 1283 827 Dorpatense
1309 793 1418 826 (Pholas
1438 793 1514 819 Calis.
1536 793 1611 827 lapsu
1630 793 1744 827 calami).
1782 795 1939 829 Philippi

359 836 485 862 Zeitschr.
505 836 546 862 fiir
564 836 662 862 Malak.
684 836 756 862 1847.
776 844 836 870 pag.
859 836 914 862 113.
952 836 1087 862 Dunker
1107 836 1278 870 Lithophaga
1297 837 1323 862 in
1343 836 1474 863 Chemn.
1495 837 1591 862 Conch.
1613 836 1675 863 Cab.
1696 837 1735 863 ed.
1755 838 1802 864 alt.

257 897 337 928 Huic
360 897 475 938 speciei
508 897 626 938 insigni
649 909 667 928 a
691 897 763 928 clar.
788 897 825 928 de
848 897 1060 928 Middendorff
1093 898 1295 929 examinandi
1330 908 1425 928 causa
1459 897 1616 938 quondam
1640 899 1680 930 ad
1704 899 1776 930 clar.
1802 899 1940 941 Philippi

104 953 217 984 missae
240 956 323 984 certe
346 953 399 984 illa
422 952 543 984 concha
575 953 755 993 respondet,
788 963 883 993 quam
907 953 978 983 clar.
1004 953 1041 984 de
1064 952 1224 984 Schrenck
1259 952 1428 984 Modiolam
1464 952 1633 984 Schmidtii
1668 955 1843 986 nominavit
1873 956 1939 996 (cfr.

105 1009 222 1040 Amurl.
246 1009 305 1040 vol.
323 1009 351 1039 2.
373 1008 457 1040 Moll.
482 1019 552 1049 pag.
577 1009 649 1039 500.
674 1008 749 1040 Tab.
775 1008 823 1039 21.
848 1009 899 1049 fig.
923 1008 1031 1048 4—7.)
1056 1009 1140 1049 quod
1164 1020 1201 1039 ex
1226 1008 1371 1040 iconibus
1394 1010 1426 1040 et
1449 1009 1659 1049 descriptione
1682 1009 1865 1042 Schrenckii
1890 1022 1941 1042 ac-

105 1067 214 1096 curata
236 1065 315 1096 satis
339 1064 449 1096 elucet.
497 1065 564 1096 Huc
588 1075 713 1104 quoque
736 1064 897 1095 referenda
920 1066 968 1095 est
991 1065 1120 1103 concha,
1145 1076 1239 1105 quam
1257 1065 1329 1096 clar.
1354 1064 1515 1104 Alphonso
1540 1064 1649 1096 Forrer
1672 1066 1799 1097 nomine
1822 1066 1942 1098 Adulae

105 1120 239 1161 stylinae
263 1120 353 1161 Carp.
379 1132 395 1152 e
418 1119 591 1151 California
615 1120 691 1151 mihi
714 1120 810 1151 misit.

259 1176 386 1218 Species
420 1180 528 1208 nostra
562 1176 732 1217 singularis
767 1176 918 1216 byssifera
946 1176 1044 1207 latere
1072 1177 1193 1217 postico
1227 1176 1416 1216 lanuginosa
1440 1175 1471 1206 in
1496 1175 1587 1207 litore
1610 1177 1797 1209 occidentali
1821 1178 1943 1210 insulae

106 1232 254 1273 Sagalien
278 1244 341 1264 una
363 1243 434 1264 cum
458 1232 626 1263 Pholadeis
649 1243 741 1273 rupes
765 1232 914 1272 deruptas
938 1232 984 1263 vel
1008 1232 1129 1272 lapides
1161 1232 1303 1272 singulos
1338 1232 1469 1262 detritos
1499 1231 1670 1271 perforans,
1695 1233 1772 1265 satis
1795 1233 1943 1274 frequens

106 1289 265 1320 invenitur
280 1288 342 1320 filis
359 1288 424 1320 suis
441 1288 612 1320 subtilibus
630 1288 661 1319 in
678 1288 818 1329 lapidum
843 1288 985 1319 cavernis
1008 1288 1113 1319 affixa.
1160 1288 1281 1319 Pariter
1298 1288 1330 1318 in
1348 1288 1438 1319 litore
1462 1286 1676 1320 Californiano
1700 1289 1784 1321 haud
1801 1301 1871 1322 rara
1887 1292 1943 1322 est.

258 1344 388 1385 Mytilus
410 1344 621 1376 soleniformis
644 1343 818 1384 d'Orbigny
842 1344 928 1384 (Voy.
954 1344 1032 1375 dans
1055 1344 1179 1375 1⁷A1neir.
1205 1345 1277 1375 mer.
1301 1344 1386 1375 Moll.
1404 1356 1474 1386 pag.
1492 1345 1563 1375 649.
1581 1344 1657 1376 Tab.
1676 1345 1725 1376 85.
1743 1346 1794 1387 fig.
1816 1347 1862 1378 17.
1884 1348 1944 1388 18.)

106 1400 299 1432 umbonibus
321 1401 422 1432 multo
445 1400 546 1440 magis
570 1399 790 1431 recedentibus
813 1400 946 1440 aliisque
970 1400 1054 1432 notis
1077 1400 1189 1431 differt.

788 1524 912 1557 Genus
936 1523 1100 1566 Septifer
1122 1524 1270 1559 Recluz.

617 1602 803 1642 Septifer
832 1602 1084 1634 bilocularis
1115 1603 1196 1634 Lin.
1230 1603 1438 1644 (Mytilus).

314 1672 384 1705 Syst.
404 1670 467 1696 Nat.
481 1670 520 1697 ed.
538 1671 577 1696 10.
598 1678 658 1703 pag.
679 1670 736 1696 705.
774 1670 917 1703 Mytilus
938 1670 1166 1696 Nicobaricus
1186 1671 1316 1698 Chemn.
1338 1671 1432 1698 Conch.
1453 1671 1516 1698 Cab.
1537 1672 1585 1698 vol.
1599 1672 1622 1698 8.
1637 1681 1697 1706 pag.
1720 1673 1774 1699 155.
1809 1674 1949 1700 Dunker

365 1714 511 1740 Comment.
532 1713 562 1739 de
583 1713 721 1747 Septiferis
740 1715 790 1740 etc.
810 1721 870 1747 pag.
891 1714 912 1739 6.
950 1713 1096 1739 Lischke
1117 1713 1175 1748 Jap.
1197 1715 1228 1740 M.
1250 1714 1345 1741 Conch.
1366 1715 1415 1741 vol,
1437 1714 1458 1740 1.
1477 1722 1538 1748 pag.
1561 1715 1616 1741 156.

262 1775 391 1817 Species
414 1775 493 1806 satis
516 1775 646 1815 cognita
668 1775 701 1805 in
724 1775 803 1805 mari
826 1774 990 1815 Japonico,
1015 1775 1143 1807 Sinensi
1159 1778 1191 1806 et
1207 1775 1319 1807 insulis
1343 1776 1517 1814 Nicobaris,
1535 1777 1567 1808 in
1584 1777 1674 1808 litore
1699 1777 1846 1809 Africano
1863 1778 1948 1809 aliis-

109 1843 169 1872 que
192 1832 283 1863 terris
307 1831 431 1869 diffusa,
454 1830 674 1871 magnitudine
697 1834 729 1861 et
751 1830 873 1862 ambitu
897 1831 1066 1862 admodum
1098 1831 1259 1862 variabilis
1282 1834 1338 1863 est.
1385 1831 1565 1872 Specimina
1595 1835 1704 1864 nostra
1732 1833 1886 1874 Japonica
1909 1834 1948 1865 ad

108 1888 292 1919 varietatem
317 1887 469 1918 minorem
492 1886 708 1927 angustiorem
739 1887 907 1927 pertinent.
955 1887 1069 1919 Valvae
1097 1887 1238 1928 juniores
1262 1887 1404 1928 integrae
1435 1889 1624 1928 epidermide
1647 1889 1781 1929 sparsim
1804 1890 1950 1930 setigera,

109 1954 337 1984 nonnunquam
362 1943 464 1974 colore
485 1942 639 1974 herbaceo
665 1942 768 1974 vivido
792 1943 895 1974 tincta
919 1944 1052 1975 vestitae
1076 1947 1160 1975 sunt.

263 1999 476 2039 Tichogoniae
499 1998 641 2030 Kraussii
665 2001 696 2029 et
720 1998 920 2038 Wiegmanni
944 1999 1033 2031 Ktist.
1058 2002 1141 2031 certe
1163 2001 1334 2031 varietates
1358 2002 1441 2032 sunt.

522 2098 708 2138 Septifer
739 2100 931 2139 virgatns
963 2098 1205 2139 Wiegmann
1237 2098 1535 2139 (Tichogonia).

315 2166 392 2192 Arch.
413 2166 454 2192 fur
474 2166 587 2199 Naturg.
611 2166 683 2192 1837.
703 2175 764 2200 pag.
784 2166 823 2192 49.
866 2165 1001 2192 Dunkcr
1022 2165 1053 2190 de
1073 2165 1211 2199 Septiferis
1231 2174 1327 2199 genere
1347 2167 1549 2200 Mytilaceorum
1569 2168 1618 2192 etc.
1641 2166 1716 2192 1855.
1736 2175 1796 2200 pag.
1817 2167 1839 2193 5.
1877 2167 1952 2201 Sep-

367 2208 452 2234 tifer
481 2217 619 2234 crassus
648 2209 722 2235 Dkr.
750 2209 876 2235 Zeitschr.
902 2209 943 2234 fur
969 2208 1066 2235 Malak.
1097 2209 1169 2235 1853.
1196 2217 1256 2243 pag.
1281 2209 1332 2241 86„
1354 2209 1385 2235 de
1405 2209 1478 2243 Sept.
1498 2217 1558 2243 pag.
1579 2209 1601 2235 4.
1639 2210 1783 2243 Mytilus
1814 2217 1953 2236 crassus

368 2252 475 2277 Reeve
496 2251 591 2278 Conch.
611 2252 677 2278 icon.
698 2252 809 2285 Mytilns
829 2260 896 2285 spec.
917 2251 956 2277 25.

265 2311 343 2344 Cum
375 2323 523 2353 magnam
554 2312 648 2344 huius
680 2313 818 2344 conchae
849 2313 973 2353 copiam
996 2312 1122 2353 saepius
1155 2313 1358 2353 comparandi
1382 2313 1457 2344 data
1481 2314 1576 2344 fuerit
1599 2313 1733 2352 occasio,
1768 2324 1953 2354 persuasum

111 2367 187 2399 mihi
211 2371 259 2399 est
282 2367 474 2409 Septiferum
509 2379 648 2400 crassum
672 2380 727 2410 pro
750 2369 904 2400 varietate
933 2370 1060 2399 tantum
1091 2368 1185 2400 huius
1213 2369 1328 2409 speciei
1359 2369 1527 2410 ambiguae
1562 2369 1744 2400 habendum
1769 2380 1845 2401 esse.
1891 2368 1953 2401 Sed

111 2424 218 2455 nescio
242 2435 283 2455 an
307 2424 443 2465 Septifer
466 2425 712 2456 Herrmannseni
736 2425 898 2466 (Zeitschr.
924 2424 973 2456 fui·
995 2424 1109 2456 Malak.
1136 2424 1227 2455 1853.
1252 2436 1323 2465 pag.
1348 2425 1410 2463 85,
1434 2424 1609 2456 Comment.
1636 2425 1673 2456 de
1696 2424 1783 2465 Sept.
1806 2427 1865 2456 etc.
1883 2436 1953 2466 pag.

111 2479 154 2519 4.)
179 2480 247 2520 pari
266 2480 336 2520 jure
359 2491 430 2512 curn
454 2480 610 2521 Septifero
641 2481 763 2521 vii-gato
789 2480 880 2521 jungi
904 2480 1014 2521 possit,
1039 2491 1110 2511 cum
1134 2482 1267 2520 utraque
1299 2480 1421 2512 concha
1455 2481 1592 2512 cardinis
1626 2483 1786 2512 structura
1819 2480 1953 2512 differat.

111 2535 147 2567 In
177 2534 334 2576 Septifero
365 2536 447 2568 enim
479 2537 602 2577 virgato
634 2536 711 2568 dens
745 2537 881 2568 cardinis
916 2547 1040 2568 crassus
1064 2536 1095 2566 in
1119 2536 1294 2574 sinistra,
1328 2537 1381 2568 sed
1405 2537 1438 2568 in
1461 2536 1618 2577 Septifero
1652 2536 1900 2568 Herrmannseni
1923 2537 1954 2567 in

113 2592 270 2623 dextera
300 2592 392 2623 valva
425 2592 548 2633 positus
571 2594 627 2624 est.
675 2592 766 2631 Sane,
791 2604 860 2624 raro
884 2592 1021 2633 quidem,
1045 2592 1078 2622 in
1101 2591 1224 2623 Unione
1256 2593 1377 2624 tumido
1403 2593 1503 2624 Retzii
1527 2593 1665 2624 cardinis
1696 2593 1806 2624 dentes
1839 2592 1954 2624 inversi

112 2649 196 2686 sunt,
220 2647 266 2679 ita
288 2650 324 2679 ut
346 2648 423 2679 dens
446 2648 556 2679 valvae
579 2648 727 2680 sinistrae
750 2648 917 2689 primarius
940 2659 993 2688 per
1016 2648 1235 2688 exceptionem
1252 2648 1284 2679 in
1302 2649 1393 2679 valva
1417 2649 1548 2680 dextera
1569 2648 1751 2689 reperiatur,
1775 2659 1838 2680 uno
1859 2648 1955 2680 verbo

113 2705 182 2734 tota
205 2703 341 2735 cardinis
365 2703 510 2735 formatio
534 2705 692 2735 contraria
714 2704 765 2735 sit.
812 2703 894 2744 Ergo
917 2704 945 2735 si
968 2704 1100 2735 eandem
1123 2703 1205 2736 inter
1229 2707 1371 2736 nostram
1394 2704 1547 2736 concham
1572 2706 1602 2736 et
1626 2704 1782 2777 {nipnem
1798 2704 1955 2736 tumidum

1653 2748 1672 2777 9
