<?xml version="1.0" encoding="UTF-8"?>
<!DOCTYPE html PUBLIC "-//W3C//DTD XHTML 1.0 Transitional//EN"
    "http://www.w3.org/TR/xhtml1/DTD/xhtml1-transitional.dtd">
<html xmlns="http://www.w3.org/1999/xhtml" xml:lang="en" lang="en">
 <head>
  <title>
</title>
<meta http-equiv="Content-Type" content="text/html;charset=utf-8" />
  <meta name='ocr-system' content='tesseract 3.04.00' />
  <meta name='ocr-capabilities' content='ocr_page ocr_carea ocr_par ocr_line ocrx_word'/>
</head>
<body>
  <div class='ocr_page' id='page_1' title='image "./indexmolluscorum00dunk_0242.png"; bbox 0 0 2317 3387; ppageno 0'>
   <div class='ocr_carea' id='block_1_1' title="bbox 1190 299 1420 330">
    <p class='ocr_par' dir='ltr' id='par_1_1' title="bbox 1190 299 1420 330">
     <span class='ocr_line' id='line_1_1' title="bbox 1190 299 1420 330; baseline 0 0"><span class='ocrx_word' id='word_1_1' title='bbox 1190 299 1420 330; x_wconf 80' lang='lat'>—228—</span> 
     </span>
    </p>
   </div>
   <div class='ocr_carea' id='block_1_2' title="bbox 389 384 2224 536">
    <p class='ocr_par' dir='ltr' id='par_1_2' title="bbox 389 384 2224 536">
     <span class='ocr_line' id='line_1_2' title="bbox 390 384 2224 426; baseline 0.002 -12"><span class='ocrx_word' id='word_1_2' title='bbox 390 384 544 415; x_wconf 84' lang='lat' dir='ltr'>rationem</span> <span class='ocrx_word' id='word_1_3' title='bbox 568 384 732 416; x_wconf 78' lang='lat' dir='ltr'>admittere</span> <span class='ocrx_word' id='word_1_4' title='bbox 757 384 859 422; x_wconf 79' lang='lat' dir='ltr'>liceat,</span> <span class='ocrx_word' id='word_1_5' title='bbox 883 384 1018 425; x_wconf 80' lang='lat' dir='ltr'>Septifer</span> <span class='ocrx_word' id='word_1_6' title='bbox 1043 385 1284 416; x_wconf 76' lang='lat' dir='ltr'>Heri-mannseni</span> <span class='ocrx_word' id='word_1_7' title='bbox 1308 395 1376 416; x_wconf 90' lang='lat' dir='ltr'>cum</span> <span class='ocrx_word' id='word_1_8' title='bbox 1402 384 1556 425; x_wconf 78' lang='lat' dir='ltr'>Septifero</span> <span class='ocrx_word' id='word_1_9' title='bbox 1588 384 1710 424; x_wconf 83' lang='lat' dir='ltr'>virgato</span> <span class='ocrx_word' id='word_1_10' title='bbox 1734 384 1801 424; x_wconf 90' lang='lat' dir='ltr'>pari</span> <span class='ocrx_word' id='word_1_11' title='bbox 1824 384 1916 416; x_wconf 89' lang='lat' dir='ltr'>modo</span> <span class='ocrx_word' id='word_1_12' title='bbox 1939 387 1976 416; x_wconf 87' lang='lat' dir='ltr'>ut</span> <span class='ocrx_word' id='word_1_13' title='bbox 1994 385 2149 426; x_wconf 66' lang='lat' dir='ltr'>jungetur</span> <span class='ocrx_word' id='word_1_14' title='bbox 2171 397 2224 417; x_wconf 88' lang='lat' dir='ltr'>ne—</span> 
     </span>
     <span class='ocr_line' id='line_1_3' title="bbox 389 439 2223 480; baseline 0.001 -9"><span class='ocrx_word' id='word_1_15' title='bbox 389 450 476 471; x_wconf 69' lang='lat' dir='ltr'>cesse.</span> <span class='ocrx_word' id='word_1_16' title='bbox 500 442 547 471; x_wconf 80' lang='lat' dir='ltr'>est</span> <span class='ocrx_word' id='word_1_17' title='bbox 570 440 663 471; x_wconf 78' lang='lat' dir='ltr'>sicuti</span> <span class='ocrx_word' id='word_1_18' title='bbox 687 439 832 471; x_wconf 79' lang='lat' dir='ltr'>cochleae</span> <span class='ocrx_word' id='word_1_19' title='bbox 864 440 1029 480; x_wconf 80' lang='lat' dir='ltr'>quaedam,</span> <span class='ocrx_word' id='word_1_20' title='bbox 1062 440 1244 480; x_wconf 86' lang='lat' dir='ltr'>praesertim</span> <span class='ocrx_word' id='word_1_21' title='bbox 1278 442 1450 477; x_wconf 69' lang='lat' dir='ltr'>terrestres,</span> <span class='ocrx_word' id='word_1_22' title='bbox 1484 439 1666 470; x_wconf 82' lang='lat' dir='ltr'>dextrorsae</span> <span class='ocrx_word' id='word_1_23' title='bbox 1689 449 1726 470; x_wconf 87' lang='lat' dir='ltr'>ac</span> <span class='ocrx_word' id='word_1_24' title='bbox 1749 439 1949 471; x_wconf 84' lang='lat' dir='ltr'>sinistrorsae</span> <span class='ocrx_word' id='word_1_25' title='bbox 1984 440 2162 472; x_wconf 82' lang='lat' dir='ltr'>obveniunt</span> <span class='ocrx_word' id='word_1_26' title='bbox 2184 441 2223 472; x_wconf 89' lang='lat' dir='ltr'>ad</span> 
     </span>
     <span class='ocr_line' id='line_1_4' title="bbox 389 495 1087 536; baseline 0 -10"><span class='ocrx_word' id='word_1_27' title='bbox 389 507 483 527; x_wconf 85' lang='lat' dir='ltr'>unam</span> <span class='ocrx_word' id='word_1_28' title='bbox 508 496 704 536; x_wconf 76' lang='lat' dir='ltr'>eandemque</span> <span class='ocrx_word' id='word_1_29' title='bbox 727 495 862 536; x_wconf 82' lang='lat' dir='ltr'>speciem</span> <span class='ocrx_word' id='word_1_30' title='bbox 886 496 1087 536; x_wconf 69' lang='lat' dir='ltr'>pertinentes.</span> 
     </span>
    </p>
   </div>
   <div class='ocr_carea' id='block_1_3' title="bbox 592 563 1746 682">
    <p class='ocr_par' dir='ltr' id='par_1_3' title="bbox 592 563 1746 682">
     <span class='ocr_line' id='line_1_5' title="bbox 829 563 1746 621; baseline 0 -10"><span class='ocrx_word' id='word_1_31' title='bbox 829 563 1046 621; x_wconf 54' lang='lat' dir='ltr'>&#39;septis-u·</span> <span class='ocrx_word' id='word_1_32' title='bbox 1076 581 1318 612; x_wconf 74' lang='lat' dir='ltr'>bifurcatns</span> <span class='ocrx_word' id='word_1_33' title='bbox 1349 580 1508 611; x_wconf 79' lang='lat' dir='ltr'>Com-ad</span> <span class='ocrx_word' id='word_1_34' title='bbox 1541 579 1746 621; x_wconf 69' lang='lat' dir='ltr'>(mytilus).</span> 
     </span>
     <span class='ocr_line' id='line_1_6' title="bbox 592 647 1402 682; baseline 0.001 -10"><span class='ocrx_word' id='word_1_35' title='bbox 592 648 683 673; x_wconf 71' lang='lat' dir='ltr'>Journ.</span> <span class='ocrx_word' id='word_1_36' title='bbox 705 647 783 674; x_wconf 73' lang='lat' dir='ltr'>Aemi.</span> <span class='ocrx_word' id='word_1_37' title='bbox 804 648 885 674; x_wconf 87' lang='lat' dir='ltr'>Phil.</span> <span class='ocrx_word' id='word_1_38' title='bbox 908 648 979 674; x_wconf 73' lang='lat'>1337.</span> <span class='ocrx_word' id='word_1_39' title='bbox 999 656 1059 682; x_wconf 76' lang='lat' dir='ltr'>pag.</span> <span class='ocrx_word' id='word_1_40' title='bbox 1080 647 1137 674; x_wconf 82' lang='lat'>241.</span> <span class='ocrx_word' id='word_1_41' title='bbox 1157 647 1220 674; x_wconf 88' lang='lat' dir='ltr'>Tab.</span> <span class='ocrx_word' id='word_1_42' title='bbox 1243 648 1279 673; x_wconf 81' lang='lat'>18.</span> <span class='ocrx_word' id='word_1_43' title='bbox 1300 648 1346 680; x_wconf 77' lang='lat' dir='ltr'>fig.</span> <span class='ocrx_word' id='word_1_44' title='bbox 1366 647 1402 673; x_wconf 73' lang='lat'>1⁴.</span> 
     </span>
    </p>
   </div>
   <div class='ocr_carea' id='block_1_4' title="bbox 389 707 2223 860">
    <p class='ocr_par' dir='ltr' id='par_1_4' title="bbox 389 707 2223 860">
     <span class='ocr_line' id='line_1_7' title="bbox 540 707 2223 750; baseline 0.002 -11"><span class='ocrx_word' id='word_1_45' title='bbox 540 709 574 739; x_wconf 88' lang='lat' dir='ltr'>ln</span> <span class='ocrx_word' id='word_1_46' title='bbox 599 709 781 740; x_wconf 76' lang='lat' dir='ltr'><strong>collectione</strong></span> <span class='ocrx_word' id='word_1_47' title='bbox 812 709 1033 740; x_wconf 86' lang='lat' dir='ltr'>Molluscorum</span> <span class='ocrx_word' id='word_1_48' title='bbox 1063 708 1217 750; x_wconf 82' lang='lat' dir='ltr'>Japonioa</span> <span class='ocrx_word' id='word_1_49' title='bbox 1246 709 1404 748; x_wconf 72' lang='lat' dir='ltr'>specimen</span> <span class='ocrx_word' id='word_1_50' title='bbox 1425 707 1529 739; x_wconf 87' lang='lat' dir='ltr'>minus</span> <span class='ocrx_word' id='word_1_51' title='bbox 1553 710 1659 739; x_wconf 83' lang='lat' dir='ltr'>exstat</span> <span class='ocrx_word' id='word_1_52' title='bbox 1683 708 1778 739; x_wconf 81' lang='lat' dir='ltr'>costis</span> <span class='ocrx_word' id='word_1_53' title='bbox 1802 708 1992 741; x_wconf 79' lang='lat' dir='ltr'>dichotomis</span> <span class='ocrx_word' id='word_1_54' title='bbox 2016 710 2223 742; x_wconf 83' lang='lat' dir='ltr'><strong>crassioribus</strong></span> 
     </span>
     <span class='ocr_line' id='line_1_8' title="bbox 389 762 2221 806; baseline 0.001 -10"><span class='ocrx_word' id='word_1_55' title='bbox 389 768 419 797; x_wconf 89' lang='lat' dir='ltr'>et</span> <span class='ocrx_word' id='word_1_56' title='bbox 445 765 605 805; x_wconf 77' lang='lat' dir='ltr'>sculptura</span> <span class='ocrx_word' id='word_1_57' title='bbox 629 764 785 805; x_wconf 79' lang='lat' dir='ltr'>Septifero</span> <span class='ocrx_word' id='word_1_58' title='bbox 809 765 930 804; x_wconf 78' lang='lat' dir='ltr'>vii-gato</span> <span class='ocrx_word' id='word_1_59' title='bbox 954 764 1054 795; x_wconf 85' lang='lat' dir='ltr'>multo</span> <span class='ocrx_word' id='word_1_60' title='bbox 1078 764 1243 803; x_wconf 72' lang='lat' dir='ltr'>asperiore.</span> <span class='ocrx_word' id='word_1_61' title='bbox 1290 763 1381 794; x_wconf 83' lang='lat' dir='ltr'>Certe</span> <span class='ocrx_word' id='word_1_62' title='bbox 1404 763 1464 793; x_wconf 89' lang='lat' dir='ltr'>huc</span> <span class='ocrx_word' id='word_1_63' title='bbox 1488 764 1624 803; x_wconf 75' lang='lat' dir='ltr'>pertinet</span> <span class='ocrx_word' id='word_1_64' title='bbox 1647 762 1776 804; x_wconf 84' lang='lat' dir='ltr'>Mytilus</span> <span class='ocrx_word' id='word_1_65' title='bbox 1801 763 1977 796; x_wconf 70' lang='lat' dir='ltr'>bifurcatus</span> <span class='ocrx_word' id='word_1_66' title='bbox 2001 763 2104 803; x_wconf 77' lang='lat' dir='ltr'>Conr.‚</span> <span class='ocrx_word' id='word_1_67' title='bbox 2127 776 2221 806; x_wconf 84' lang='lat' dir='ltr'>quem</span> 
     </span>
     <span class='ocr_line' id='line_1_9' title="bbox 389 818 2220 860; baseline 0 -8"><span class='ocrx_word' id='word_1_68' title='bbox 389 820 513 860; x_wconf 84' lang='lat' dir='ltr'>quidem</span> <span class='ocrx_word' id='word_1_69' title='bbox 531 820 702 851; x_wconf 76' lang='lat' dir='ltr'>secundum</span> <span class='ocrx_word' id='word_1_70' title='bbox 719 820 890 860; x_wconf 73' lang='lat' dir='ltr'>specimina</span> <span class='ocrx_word' id='word_1_71' title='bbox 906 831 924 851; x_wconf 84' lang='lat' dir='ltr'>a</span> <span class='ocrx_word' id='word_1_72' title='bbox 941 820 1011 851; x_wconf 83' lang='lat' dir='ltr'>clar.</span> <span class='ocrx_word' id='word_1_73' title='bbox 1030 819 1064 850; x_wconf 71' lang='lat' dir='ltr'>A.</span> <span class='ocrx_word' id='word_1_74' title='bbox 1083 819 1192 850; x_wconf 82' lang='lat' dir='ltr'>Forrer</span> <span class='ocrx_word' id='word_1_75' title='bbox 1205 831 1221 850; x_wconf 88' lang='lat' dir='ltr'>e</span> <span class='ocrx_word' id='word_1_76' title='bbox 1238 818 1410 850; x_wconf 86' lang='lat' dir='ltr'>California</span> <span class='ocrx_word' id='word_1_77' title='bbox 1426 821 1555 859; x_wconf 81' lang='lat' dir='ltr'>accepta</span> <span class='ocrx_word' id='word_1_78' title='bbox 1573 819 1624 849; x_wconf 83' lang='lat' dir='ltr'>vix</span> <span class='ocrx_word' id='word_1_79' title='bbox 1642 829 1697 860; x_wconf 87' lang='lat' dir='ltr'>pro</span> <span class='ocrx_word' id='word_1_80' title='bbox 1715 819 1819 860; x_wconf 84' lang='lat' dir='ltr'>specie.</span> <span class='ocrx_word' id='word_1_81' title='bbox 1836 820 1972 860; x_wconf 78' lang='lat' dir='ltr'>genuina</span> <span class='ocrx_word' id='word_1_82' title='bbox 1990 820 2220 853; x_wconf 76' lang='lat' dir='ltr'>declaraverim.</span> 
     </span>
    </p>
   </div>
   <div class='ocr_carea' id='block_1_5' title="bbox 1174 985 1442 1031">
    <p class='ocr_par' dir='ltr' id='par_1_5' title="bbox 1174 985 1442 1031">
     <span class='ocr_line' id='line_1_10' title="bbox 1174 985 1442 1031; baseline 0.004 -1"><span class='ocrx_word' id='word_1_83' title='bbox 1174 985 1442 1031; x_wconf 82' lang='lat' dir='ltr'>Vulsellacea.</span> 
     </span>
    </p>
   </div>
   <div class='ocr_carea' id='block_1_6' title="bbox 1025 1092 1588 1136">
    <p class='ocr_par' dir='ltr' id='par_1_6' title="bbox 1025 1092 1588 1136">
     <span class='ocr_line' id='line_1_11' title="bbox 1025 1092 1588 1136; baseline 0.004 -12"><span class='ocrx_word' id='word_1_84' title='bbox 1025 1093 1147 1126; x_wconf 81' lang='lat' dir='ltr'>Genus</span> <span class='ocrx_word' id='word_1_85' title='bbox 1172 1092 1339 1127; x_wconf 74' lang='lat' dir='ltr'>Vulsella</span> <span class='ocrx_word' id='word_1_86' title='bbox 1363 1093 1588 1136; x_wconf 83' lang='lat' dir='ltr'>Humphrey.</span> 
     </span>
    </p>
   </div>
   <div class='ocr_carea' id='block_1_7' title="bbox 875 1170 1727 1212">
    <p class='ocr_par' dir='ltr' id='par_1_7' title="bbox 875 1170 1727 1212">
     <span class='ocr_line' id='line_1_12' title="bbox 875 1170 1727 1212; baseline 0.001 -11"><span class='ocrx_word' id='word_1_87' title='bbox 875 1170 1058 1201; x_wconf 81' lang='lat' dir='ltr'>Vulsella</span> <span class='ocrx_word' id='word_1_88' title='bbox 1089 1171 1300 1210; x_wconf 80' lang='lat' dir='ltr'>lingulata</span> <span class='ocrx_word' id='word_1_89' title='bbox 1331 1171 1414 1202; x_wconf 89' lang='lat' dir='ltr'>Lin.</span> <span class='ocrx_word' id='word_1_90' title='bbox 1447 1170 1604 1212; x_wconf 82' lang='lat' dir='ltr'>(Pinna)</span> <span class='ocrx_word' id='word_1_91' title='bbox 1638 1170 1727 1201; x_wconf 78' lang='lat'>1753.</span> 
     </span>
    </p>
   </div>
   <div class='ocr_carea' id='block_1_8' title="bbox 544 1236 2221 1425">
    <p class='ocr_par' dir='ltr' id='par_1_8' title="bbox 592 1236 2221 1357">
     <span class='ocr_line' id='line_1_13' title="bbox 592 1236 2221 1272; baseline 0.001 -9"><span class='ocrx_word' id='word_1_92' title='bbox 592 1239 656 1264; x_wconf 78' lang='lat' dir='ltr'>Mus.</span> <span class='ocrx_word' id='word_1_93' title='bbox 676 1238 746 1263; x_wconf 79' lang='lat' dir='ltr'>Tess.</span> <span class='ocrx_word' id='word_1_94' title='bbox 766 1237 828 1263; x_wconf 81' lang='lat' dir='ltr'>Tab.</span> <span class='ocrx_word' id='word_1_95' title='bbox 849 1239 871 1263; x_wconf 72' lang='grc'>6,</span> <span class='ocrx_word' id='word_1_96' title='bbox 892 1239 935 1271; x_wconf 69' lang='lat' dir='ltr'>lig.</span> <span class='ocrx_word' id='word_1_97' title='bbox 955 1238 976 1264; x_wconf 70' lang='lat'>13.</span> <span class='ocrx_word' id='word_1_98' title='bbox 996 1248 1029 1260; x_wconf 73' lang='lat' dir='ltr'><strong><em>z</em></strong></span> <span class='ocrx_word' id='word_1_99' title='bbox 1048 1238 1122 1272; x_wconf 84' lang='lat' dir='ltr'>Mya</span> <span class='ocrx_word' id='word_1_100' title='bbox 1142 1238 1299 1264; x_wconf 86' lang='lat' dir='ltr'>Vulsclla</span> <span class='ocrx_word' id='word_1_101' title='bbox 1320 1238 1386 1264; x_wconf 86' lang='lat' dir='ltr'>Lin.</span> <span class='ocrx_word' id='word_1_102' title='bbox 1407 1239 1477 1272; x_wconf 81' lang='lat' dir='ltr'>Syst.</span> <span class='ocrx_word' id='word_1_103' title='bbox 1498 1238 1560 1265; x_wconf 84' lang='lat' dir='ltr'>Nat.</span> <span class='ocrx_word' id='word_1_104' title='bbox 1582 1237 1621 1264; x_wconf 85' lang='lat' dir='ltr'>ed.</span> <span class='ocrx_word' id='word_1_105' title='bbox 1645 1238 1684 1264; x_wconf 80' lang='grc'>10.</span> <span class='ocrx_word' id='word_1_106' title='bbox 1704 1245 1764 1271; x_wconf 86' lang='lat' dir='ltr'>pag.</span> <span class='ocrx_word' id='word_1_107' title='bbox 1784 1237 1842 1263; x_wconf 72' lang='lat'>671.</span> <span class='ocrx_word' id='word_1_108' title='bbox 1862 1237 1958 1271; x_wconf 81' lang='lat'>(1758).</span> <span class='ocrx_word' id='word_1_109' title='bbox 1996 1237 2062 1264; x_wconf 82' lang='lat' dir='ltr'>Mus.</span> <span class='ocrx_word' id='word_1_110' title='bbox 2082 1236 2145 1263; x_wconf 86' lang='lat' dir='ltr'>Lnd.</span> <span class='ocrx_word' id='word_1_111' title='bbox 2165 1236 2221 1264; x_wconf 85' lang='lat' dir='ltr'>Ulr.</span> 
     </span>
     <span class='ocr_line' id='line_1_14' title="bbox 641 1279 2221 1315; baseline 0 -9"><span class='ocrx_word' id='word_1_112' title='bbox 641 1281 705 1313; x_wconf 71' lang='lat' dir='ltr'>neg.</span> <span class='ocrx_word' id='word_1_113' title='bbox 726 1289 786 1315; x_wconf 63' lang='lat' dir='ltr'>pag.</span> <span class='ocrx_word' id='word_1_114' title='bbox 806 1281 862 1307; x_wconf 74' lang='lat'>471.</span> <span class='ocrx_word' id='word_1_115' title='bbox 901 1281 1060 1315; x_wconf 81' lang='lat' dir='ltr'>Ruinphii</span> <span class='ocrx_word' id='word_1_116' title='bbox 1088 1282 1153 1308; x_wconf 61' lang='lat' dir='ltr'>Mus</span> <span class='ocrx_word' id='word_1_117' title='bbox 1174 1281 1237 1307; x_wconf 82' lang='lat' dir='ltr'>Tab.</span> <span class='ocrx_word' id='word_1_118' title='bbox 1255 1282 1295 1307; x_wconf 68' lang='lat'>46.</span> <span class='ocrx_word' id='word_1_119' title='bbox 1316 1283 1358 1314; x_wconf 78' lang='lat' dir='ltr'>lig.</span> <span class='ocrx_word' id='word_1_120' title='bbox 1379 1282 1408 1307; x_wconf 79' lang='lat' dir='ltr'>A.</span> <span class='ocrx_word' id='word_1_121' title='bbox 1445 1281 1529 1308; x_wconf 80' lang='lat' dir='ltr'>Lam.</span> <span class='ocrx_word' id='word_1_122' title='bbox 1558 1281 1644 1306; x_wconf 73' lang='lat' dir='ltr'>Anim.</span> <span class='ocrx_word' id='word_1_123' title='bbox 1670 1288 1732 1306; x_wconf 79' lang='lat' dir='ltr'>sans</span> <span class='ocrx_word' id='word_1_124' title='bbox 1751 1282 1817 1307; x_wconf 77' lang='lat' dir='ltr'>vert.</span> <span class='ocrx_word' id='word_1_125' title='bbox 1841 1279 1881 1306; x_wconf 76' lang='lat' dir='ltr'>ed.</span> <span class='ocrx_word' id='word_1_126' title='bbox 1901 1280 1948 1306; x_wconf 84' lang='lat' dir='ltr'>alt.</span> <span class='ocrx_word' id='word_1_127' title='bbox 1973 1280 2022 1306; x_wconf 85' lang='lat' dir='ltr'>vol.</span> <span class='ocrx_word' id='word_1_128' title='bbox 2041 1281 2064 1306; x_wconf 90' lang='lat'>7.</span> <span class='ocrx_word' id='word_1_129' title='bbox 2084 1288 2144 1314; x_wconf 79' lang='lat' dir='ltr'>pag.</span> <span class='ocrx_word' id='word_1_130' title='bbox 2163 1279 2221 1306; x_wconf 81' lang='lat'>267.</span> 
     </span>
     <span class='ocr_line' id='line_1_15' title="bbox 641 1323 1212 1357; baseline 0.002 -8"><span class='ocrx_word' id='word_1_131' title='bbox 641 1324 743 1349; x_wconf 65' lang='lat' dir='ltr'>necve</span> <span class='ocrx_word' id='word_1_132' title='bbox 762 1323 857 1350; x_wconf 72' lang='lat' dir='ltr'>Conch.</span> <span class='ocrx_word' id='word_1_133' title='bbox 879 1324 943 1350; x_wconf 82' lang='lat' dir='ltr'>icon.</span> <span class='ocrx_word' id='word_1_134' title='bbox 964 1323 1082 1349; x_wconf 70' lang='lat' dir='ltr'>Vulsella</span> <span class='ocrx_word' id='word_1_135' title='bbox 1102 1332 1169 1357; x_wconf 72' lang='lat' dir='ltr'>spec.</span> <span class='ocrx_word' id='word_1_136' title='bbox 1190 1325 1212 1350; x_wconf 79' lang='grc'>6.</span> 
     </span>
    </p>

    <p class='ocr_par' dir='ltr' id='par_1_9' title="bbox 544 1384 1847 1425">
     <span class='ocr_line' id='line_1_16' title="bbox 544 1384 1847 1425; baseline -0.001 -10"><span class='ocrx_word' id='word_1_137' title='bbox 544 1384 708 1425; x_wconf 82' lang='lat' dir='ltr'>Specinien</span> <span class='ocrx_word' id='word_1_138' title='bbox 734 1385 952 1425; x_wconf 81' lang='lat' dir='ltr'>magnitudine</span> <span class='ocrx_word' id='word_1_139' title='bbox 975 1384 1058 1415; x_wconf 87' lang='lat' dir='ltr'>haud</span> <span class='ocrx_word' id='word_1_140' title='bbox 1082 1385 1204 1425; x_wconf 82' lang='lat' dir='ltr'>vulgari</span> <span class='ocrx_word' id='word_1_141' title='bbox 1229 1387 1334 1417; x_wconf 76' lang='lat' dir='ltr'>exstat</span> <span class='ocrx_word' id='word_1_142' title='bbox 1360 1384 1418 1416; x_wconf 79' lang='lat'>107</span> <span class='ocrx_word' id='word_1_143' title='bbox 1443 1385 1518 1416; x_wconf 89' lang='lat' dir='ltr'>mill.</span> <span class='ocrx_word' id='word_1_144' title='bbox 1543 1385 1652 1423; x_wconf 85' lang='lat' dir='ltr'>altum,</span> <span class='ocrx_word' id='word_1_145' title='bbox 1675 1384 1716 1416; x_wconf 84' lang='lat'>45</span> <span class='ocrx_word' id='word_1_146' title='bbox 1739 1384 1847 1415; x_wconf 85' lang='lat' dir='ltr'>latum.</span> 
     </span>
    </p>
   </div>
   <div class='ocr_carea' id='block_1_9' title="bbox 541 1440 1384 1481">
    <p class='ocr_par' dir='ltr' id='par_1_10' title="bbox 541 1440 1384 1481">
     <span class='ocr_line' id='line_1_17' title="bbox 541 1440 1384 1481; baseline 0.002 -12"><span class='ocrx_word' id='word_1_147' title='bbox 541 1440 638 1471; x_wconf 69' lang='lat' dir='ltr'>Cibus</span> <span class='ocrx_word' id='word_1_148' title='bbox 660 1440 853 1481; x_wconf 84' lang='lat' dir='ltr'>Japanorum</span> <span class='ocrx_word' id='word_1_149' title='bbox 879 1440 983 1477; x_wconf 64' lang='lat' dir='ltr'>magni</span> <span class='ocrx_word' id='word_1_150' title='bbox 1008 1440 1194 1471; x_wconf 76' lang='lat' dir='ltr'>aestimatus</span> <span class='ocrx_word' id='word_1_151' title='bbox 1219 1441 1257 1476; x_wconf 85' lang='lat' dir='ltr'>(J.</span> <span class='ocrx_word' id='word_1_152' title='bbox 1285 1440 1384 1480; x_wconf 69' lang='lat' dir='ltr'>llein).</span> 
     </span>
    </p>
   </div>
   <div class='ocr_carea' id='block_1_10' title="bbox 958 1523 1648 1564">
    <p class='ocr_par' dir='ltr' id='par_1_11' title="bbox 958 1523 1648 1564">
     <span class='ocr_line' id='line_1_18' title="bbox 958 1523 1648 1564; baseline -0.001 -9"><span class='ocrx_word' id='word_1_153' title='bbox 958 1525 1141 1557; x_wconf 82' lang='lat' dir='ltr'>Vulsella</span> <span class='ocrx_word' id='word_1_154' title='bbox 1172 1524 1302 1555; x_wconf 90' lang='lat' dir='ltr'>minor</span> <span class='ocrx_word' id='word_1_155' title='bbox 1334 1524 1491 1555; x_wconf 75' lang='lat' dir='ltr'>Chemn.</span> <span class='ocrx_word' id='word_1_156' title='bbox 1525 1523 1648 1564; x_wconf 81' lang='lat' dir='ltr'>(Mya).</span> 
     </span>
    </p>
   </div>
   <div class='ocr_carea' id='block_1_11' title="bbox 385 1591 2220 1902">
    <p class='ocr_par' dir='ltr' id='par_1_12' title="bbox 385 1591 2220 1902">
     <span class='ocr_line' id='line_1_19' title="bbox 589 1591 2219 1625; baseline -0.001 -6"><span class='ocrx_word' id='word_1_157' title='bbox 589 1593 684 1619; x_wconf 85' lang='lat' dir='ltr'>Conch.</span> <span class='ocrx_word' id='word_1_158' title='bbox 710 1592 772 1618; x_wconf 75' lang='lat' dir='ltr'>Cab.</span> <span class='ocrx_word' id='word_1_159' title='bbox 801 1593 849 1619; x_wconf 84' lang='lat' dir='ltr'>vol.</span> <span class='ocrx_word' id='word_1_160' title='bbox 870 1594 892 1619; x_wconf 75' lang='lat'>6.</span> <span class='ocrx_word' id='word_1_161' title='bbox 912 1592 975 1619; x_wconf 75' lang='lat' dir='ltr'>Tab.</span> <span class='ocrx_word' id='word_1_162' title='bbox 995 1593 1017 1619; x_wconf 77' lang='lat'>2.</span> <span class='ocrx_word' id='word_1_163' title='bbox 1038 1594 1082 1624; x_wconf 70' lang='lat' dir='ltr'>rig.</span> <span class='ocrx_word' id='word_1_164' title='bbox 1101 1593 1124 1618; x_wconf 65' lang='grc' dir='ltr'>Β.</span> <span class='ocrx_word' id='word_1_165' title='bbox 1143 1593 1166 1618; x_wconf 82' lang='lat'>9.</span> <span class='ocrx_word' id='word_1_166' title='bbox 1187 1601 1219 1614; x_wconf 68' lang='grc' dir='ltr'><strong>Ξ</strong></span> <span class='ocrx_word' id='word_1_167' title='bbox 1239 1591 1394 1617; x_wconf 82' lang='lat' dir='ltr'>Vulsclla</span> <span class='ocrx_word' id='word_1_168' title='bbox 1423 1599 1549 1625; x_wconf 73' lang='lat' dir='ltr'>rugosa</span> <span class='ocrx_word' id='word_1_169' title='bbox 1578 1591 1664 1617; x_wconf 82' lang='lat' dir='ltr'>Lam.</span> <span class='ocrx_word' id='word_1_170' title='bbox 1691 1591 1777 1617; x_wconf 76' lang='lat' dir='ltr'>Anim.</span> <span class='ocrx_word' id='word_1_171' title='bbox 1804 1599 1865 1617; x_wconf 81' lang='lat' dir='ltr'>sans</span> <span class='ocrx_word' id='word_1_172' title='bbox 1885 1594 1950 1617; x_wconf 83' lang='lat' dir='ltr'>vert.</span> <span class='ocrx_word' id='word_1_173' title='bbox 1971 1591 2020 1617; x_wconf 86' lang='lat' dir='ltr'>vol.</span> <span class='ocrx_word' id='word_1_174' title='bbox 2040 1591 2062 1617; x_wconf 86' lang='lat'>7.</span> <span class='ocrx_word' id='word_1_175' title='bbox 2083 1599 2142 1625; x_wconf 83' lang='lat' dir='ltr'>pag.</span> <span class='ocrx_word' id='word_1_176' title='bbox 2162 1591 2219 1617; x_wconf 68' lang='lat'>2138.</span> 
     </span>
     <span class='ocr_line' id='line_1_20' title="bbox 639 1633 1810 1668; baseline -0.001 -7"><span class='ocrx_word' id='word_1_177' title='bbox 639 1635 821 1661; x_wconf 77' lang='lat' dir='ltr'>Delcssert</span> <span class='ocrx_word' id='word_1_178' title='bbox 843 1636 901 1662; x_wconf 61' lang='lat' dir='ltr'>Rue.</span> <span class='ocrx_word' id='word_1_179' title='bbox 921 1635 984 1662; x_wconf 84' lang='lat' dir='ltr'>Tab.</span> <span class='ocrx_word' id='word_1_180' title='bbox 1007 1636 1044 1662; x_wconf 45' lang='lat'>151.</span> <span class='ocrx_word' id='word_1_181' title='bbox 1064 1637 1107 1668; x_wconf 68' lang='lat' dir='ltr'>rig.</span> <span class='ocrx_word' id='word_1_182' title='bbox 1128 1636 1150 1661; x_wconf 84' lang='lat'>3.</span> <span class='ocrx_word' id='word_1_183' title='bbox 1171 1645 1202 1657; x_wconf 68' lang='grc' dir='ltr'>-Ξ</span> <span class='ocrx_word' id='word_1_184' title='bbox 1224 1635 1383 1660; x_wconf 83' lang='lat' dir='ltr'>Vulsella</span> <span class='ocrx_word' id='word_1_185' title='bbox 1402 1635 1623 1668; x_wconf 77' lang='lat' dir='ltr'>spongiarum</span> <span class='ocrx_word' id='word_1_186' title='bbox 1643 1633 1726 1660; x_wconf 80' lang='lat' dir='ltr'>Lam.</span> <span class='ocrx_word' id='word_1_187' title='bbox 1746 1634 1810 1660; x_wconf 91' lang='lat' dir='ltr'>ibid.</span> 
     </span>
     <span class='ocr_line' id='line_1_21' title="bbox 541 1696 950 1737; baseline 0 -10"><span class='ocrx_word' id='word_1_188' title='bbox 541 1696 719 1737; x_wconf 81' lang='lat' dir='ltr'>Specimina</span> <span class='ocrx_word' id='word_1_189' title='bbox 742 1697 802 1728; x_wconf 85' lang='lat' dir='ltr'>tria</span> <span class='ocrx_word' id='word_1_190' title='bbox 825 1697 950 1728; x_wconf 79' lang='lat' dir='ltr'>adsunt.</span> 
     </span>
     <span class='ocr_line' id='line_1_22' title="bbox 539 1750 2220 1793; baseline -0.001 -10"><span class='ocrx_word' id='word_1_191' title='bbox 539 1752 691 1783; x_wconf 85' lang='lat' dir='ltr'>Vulsellae</span> <span class='ocrx_word' id='word_1_192' title='bbox 715 1753 745 1783; x_wconf 94' lang='lat' dir='ltr'>in</span> <span class='ocrx_word' id='word_1_193' title='bbox 769 1753 910 1793; x_wconf 81' lang='lat' dir='ltr'>spongiis</span> <span class='ocrx_word' id='word_1_194' title='bbox 943 1752 1099 1793; x_wconf 78' lang='lat' dir='ltr'>gregatim</span> <span class='ocrx_word' id='word_1_195' title='bbox 1134 1752 1278 1782; x_wconf 69' lang='lat' dir='ltr'>viventes</span> <span class='ocrx_word' id='word_1_196' title='bbox 1310 1751 1371 1781; x_wconf 82' lang='lat' dir='ltr'>late</span> <span class='ocrx_word' id='word_1_197' title='bbox 1402 1751 1570 1791; x_wconf 81' lang='lat' dir='ltr'>dispersae,</span> <span class='ocrx_word' id='word_1_198' title='bbox 1604 1751 1772 1782; x_wconf 82' lang='lat' dir='ltr'>admodum</span> <span class='ocrx_word' id='word_1_199' title='bbox 1811 1750 1977 1782; x_wconf 83' lang='lat' dir='ltr'>variabiles</span> <span class='ocrx_word' id='word_1_200' title='bbox 2008 1752 2092 1789; x_wconf 85' lang='lat' dir='ltr'>sunt,</span> <span class='ocrx_word' id='word_1_201' title='bbox 2116 1750 2162 1781; x_wconf 85' lang='lat' dir='ltr'>ita</span> <span class='ocrx_word' id='word_1_202' title='bbox 2183 1751 2220 1782; x_wconf 86' lang='lat' dir='ltr'>ut</span> 
     </span>
     <span class='ocr_line' id='line_1_23' title="bbox 385 1805 2219 1848; baseline -0.002 -9"><span class='ocrx_word' id='word_1_203' title='bbox 385 1808 501 1839; x_wconf 80' lang='lat' dir='ltr'>formae</span> <span class='ocrx_word' id='word_1_204' title='bbox 525 1808 677 1848; x_wconf 79' lang='lat' dir='ltr'>quaedam</span> <span class='ocrx_word' id='word_1_205' title='bbox 701 1808 868 1839; x_wconf 86' lang='lat' dir='ltr'>abnormes</span> <span class='ocrx_word' id='word_1_206' title='bbox 891 1808 981 1839; x_wconf 79' lang='lat' dir='ltr'>facile</span> <span class='ocrx_word' id='word_1_207' title='bbox 1005 1818 1058 1847; x_wconf 79' lang='lat' dir='ltr'>pro</span> <span class='ocrx_word' id='word_1_208' title='bbox 1083 1807 1246 1847; x_wconf 73' lang='lat' dir='ltr'>speciebus</span> <span class='ocrx_word' id='word_1_209' title='bbox 1271 1807 1403 1846; x_wconf 80' lang='lat' dir='ltr'>propriis</span> <span class='ocrx_word' id='word_1_210' title='bbox 1427 1806 1535 1837; x_wconf 84' lang='lat' dir='ltr'>haberi</span> <span class='ocrx_word' id='word_1_211' title='bbox 1559 1807 1693 1847; x_wconf 77' lang='lat' dir='ltr'>possint.</span> <span class='ocrx_word' id='word_1_212' title='bbox 1741 1806 1954 1838; x_wconf 85' lang='lat' dir='ltr'>Conferantur</span> <span class='ocrx_word' id='word_1_213' title='bbox 1982 1817 2062 1846; x_wconf 86' lang='lat' dir='ltr'>quae</span> <span class='ocrx_word' id='word_1_214' title='bbox 2086 1806 2124 1837; x_wconf 89' lang='lat' dir='ltr'>de</span> <span class='ocrx_word' id='word_1_215' title='bbox 2146 1805 2219 1836; x_wconf 88' lang='lat' dir='ltr'>Vul-</span> 
     </span>
     <span class='ocr_line' id='line_1_24' title="bbox 385 1861 2217 1902; baseline -0.001 -8"><span class='ocrx_word' id='word_1_216' title='bbox 385 1863 469 1894; x_wconf 78' lang='lat' dir='ltr'>sellis</span> <span class='ocrx_word' id='word_1_217' title='bbox 492 1875 510 1894; x_wconf 85' lang='lat' dir='ltr'>a</span> <span class='ocrx_word' id='word_1_218' title='bbox 534 1863 605 1894; x_wconf 82' lang='lat' dir='ltr'>clar.</span> <span class='ocrx_word' id='word_1_219' title='bbox 640 1862 750 1894; x_wconf 78' lang='lat' dir='ltr'>Car-olo</span> <span class='ocrx_word' id='word_1_220' title='bbox 784 1863 897 1894; x_wconf 74' lang='lat' dir='ltr'>Jickeli</span> <span class='ocrx_word' id='word_1_221' title='bbox 921 1875 936 1894; x_wconf 76' lang='lat' dir='ltr'>e.</span> <span class='ocrx_word' id='word_1_222' title='bbox 959 1863 1037 1894; x_wconf 88' lang='lat' dir='ltr'>Mari</span> <span class='ocrx_word' id='word_1_223' title='bbox 1074 1863 1179 1894; x_wconf 80' lang='lat' dir='ltr'>Rubro</span> <span class='ocrx_word' id='word_1_224' title='bbox 1213 1862 1381 1902; x_wconf 71' lang='lat' dir='ltr'>reportatis</span> <span class='ocrx_word' id='word_1_225' title='bbox 1405 1863 1437 1893; x_wconf 90' lang='lat' dir='ltr'>in</span> <span class='ocrx_word' id='word_1_226' title='bbox 1459 1862 1568 1894; x_wconf 81' lang='lat' dir='ltr'>Jahrb.</span> <span class='ocrx_word' id='word_1_227' title='bbox 1594 1863 1622 1893; x_wconf 91' lang='lat' dir='ltr'>d.</span> <span class='ocrx_word' id='word_1_228' title='bbox 1647 1862 1820 1894; x_wconf 80' lang='lat' dir='ltr'>deutschen</span> <span class='ocrx_word' id='word_1_229' title='bbox 1857 1861 1972 1893; x_wconf 82' lang='lat' dir='ltr'>Malak.</span> <span class='ocrx_word' id='word_1_230' title='bbox 2008 1861 2080 1894; x_wconf 82' lang='lat' dir='ltr'>Ges.</span> <span class='ocrx_word' id='word_1_231' title='bbox 2104 1861 2164 1893; x_wconf 92' lang='lat' dir='ltr'>vol.</span> <span class='ocrx_word' id='word_1_232' title='bbox 2189 1861 2217 1892; x_wconf 83' lang='lat'>2.</span> 
     </span>
    </p>
   </div>
   <div class='ocr_carea' id='block_1_12' title="bbox 383 1918 693 1960">
    <p class='ocr_par' dir='ltr' id='par_1_13' title="bbox 383 1918 693 1960">
     <span class='ocr_line' id='line_1_25' title="bbox 383 1918 693 1960; baseline 0 -11"><span class='ocrx_word' id='word_1_233' title='bbox 383 1930 453 1960; x_wconf 67' lang='lat' dir='ltr'>pag.</span> <span class='ocrx_word' id='word_1_234' title='bbox 481 1920 506 1949; x_wconf 88' lang='lat'>1.</span> <span class='ocrx_word' id='word_1_235' title='bbox 530 1919 592 1959; x_wconf 80' lang='lat' dir='ltr'>jam</span> <span class='ocrx_word' id='word_1_236' title='bbox 618 1918 693 1950; x_wconf 88' lang='lat' dir='ltr'>dixi.</span> 
     </span>
    </p>
   </div>
   <div class='ocr_carea' id='block_1_13' title="bbox 1169 2031 1425 2078">
    <p class='ocr_par' dir='ltr' id='par_1_14' title="bbox 1169 2031 1425 2078">
     <span class='ocr_line' id='line_1_26' title="bbox 1169 2031 1425 2078; baseline 0.008 -2"><span class='ocrx_word' id='word_1_237' title='bbox 1169 2031 1425 2078; x_wconf 82' lang='lat' dir='ltr'>Aviculacea.</span> 
     </span>
    </p>
   </div>
   <div class='ocr_carea' id='block_1_14' title="bbox 1036 2141 1556 2241">
    <p class='ocr_par' dir='ltr' id='par_1_15' title="bbox 1036 2141 1556 2241">
     <span class='ocr_line' id='line_1_27' title="bbox 1036 2141 1556 2174; baseline 0 -3"><span class='ocrx_word' id='word_1_238' title='bbox 1036 2141 1209 2173; x_wconf 71' lang='lat' dir='ltr'>Avicula</span> <span class='ocrx_word' id='word_1_239' title='bbox 1239 2143 1436 2174; x_wconf 79' lang='lat' dir='ltr'>coturnix</span> <span class='ocrx_word' id='word_1_240' title='bbox 1467 2141 1556 2172; x_wconf 89' lang='lat' dir='ltr'>Dkr.</span> 
     </span>
     <span class='ocr_line' id='line_1_28' title="bbox 1104 2208 1486 2241; baseline 0 -7"><span class='ocrx_word' id='word_1_241' title='bbox 1104 2209 1166 2235; x_wconf 82' lang='lat' dir='ltr'>&#39;1&#39;ab.</span> <span class='ocrx_word' id='word_1_242' title='bbox 1188 2212 1279 2235; x_wconf 82' lang='lat' dir='ltr'>nostra</span> <span class='ocrx_word' id='word_1_243' title='bbox 1299 2210 1337 2236; x_wconf 84' lang='lat'>10.</span> <span class='ocrx_word' id='word_1_244' title='bbox 1358 2211 1401 2241; x_wconf 79' lang='lat' dir='ltr'>fig.</span> <span class='ocrx_word' id='word_1_245' title='bbox 1423 2210 1444 2235; x_wconf 88' lang='lat'>1.</span> <span class='ocrx_word' id='word_1_246' title='bbox 1463 2208 1486 2234; x_wconf 85' lang='lat'>2.</span> 
     </span>
    </p>
   </div>
   <div class='ocr_carea' id='block_1_15' title="bbox 381 2267 2217 2642">
    <p class='ocr_par' dir='ltr' id='par_1_16' title="bbox 381 2267 2217 2588">
     <span class='ocr_line' id='line_1_29' title="bbox 535 2267 2217 2310; baseline 0 -11"><span class='ocrx_word' id='word_1_247' title='bbox 535 2268 628 2299; x_wconf 82' lang='lat' dir='ltr'>Testa</span> <span class='ocrx_word' id='word_1_248' title='bbox 644 2279 740 2309; x_wconf 87' lang='lat' dir='ltr'>parva</span> <span class='ocrx_word' id='word_1_249' title='bbox 762 2269 865 2300; x_wconf 90' lang='lat' dir='ltr'>tenuis</span> <span class='ocrx_word' id='word_1_250' title='bbox 883 2269 971 2300; x_wconf 80' lang='lat' dir='ltr'>valde</span> <span class='ocrx_word' id='word_1_251' title='bbox 988 2269 1125 2310; x_wconf 85' lang='lat' dir='ltr'>obliqua⁷</span> <span class='ocrx_word' id='word_1_252' title='bbox 1150 2280 1258 2310; x_wconf 90' lang='lat' dir='ltr'>parum</span> <span class='ocrx_word' id='word_1_253' title='bbox 1276 2270 1515 2310; x_wconf 78' lang='lat' dir='ltr'>inaequivalvis,</span> <span class='ocrx_word' id='word_1_254' title='bbox 1539 2269 1624 2301; x_wconf 82' lang='lat' dir='ltr'>striis</span> <span class='ocrx_word' id='word_1_255' title='bbox 1640 2269 1836 2310; x_wconf 86' lang='lat' dir='ltr'>lamellisque</span> <span class='ocrx_word' id='word_1_256' title='bbox 1862 2269 2023 2300; x_wconf 87' lang='lat' dir='ltr'>serrulatis</span> <span class='ocrx_word' id='word_1_257' title='bbox 2040 2267 2217 2300; x_wconf 82' lang='lat' dir='ltr'>tenerrimis</span> 
     </span>
     <span class='ocr_line' id='line_1_30' title="bbox 382 2324 2217 2367; baseline -0.001 -11"><span class='ocrx_word' id='word_1_258' title='bbox 382 2324 530 2358; x_wconf 82' lang='lat' dir='ltr'>obducta.</span> <span class='ocrx_word' id='word_1_259' title='bbox 560 2324 674 2365; x_wconf 89' lang='lat' dir='ltr'>pallide</span> <span class='ocrx_word' id='word_1_260' title='bbox 705 2335 827 2363; x_wconf 83' lang='lat' dir='ltr'>cornea,</span> <span class='ocrx_word' id='word_1_261' title='bbox 852 2325 957 2364; x_wconf 80' lang='lat' dir='ltr'>strigis</span> <span class='ocrx_word' id='word_1_262' title='bbox 982 2324 1077 2356; x_wconf 84' lang='lat' dir='ltr'>fuscis</span> <span class='ocrx_word' id='word_1_263' title='bbox 1101 2325 1148 2356; x_wconf 91' lang='lat' dir='ltr'>vel</span> <span class='ocrx_word' id='word_1_264' title='bbox 1172 2326 1424 2367; x_wconf 78' lang='lat' dir='ltr'>nigrescentibus</span> <span class='ocrx_word' id='word_1_265' title='bbox 1459 2325 1618 2366; x_wconf 85' lang='lat' dir='ltr'>angulatis</span> <span class='ocrx_word' id='word_1_266' title='bbox 1641 2327 1673 2356; x_wconf 89' lang='lat' dir='ltr'>et</span> <span class='ocrx_word' id='word_1_267' title='bbox 1696 2325 1824 2356; x_wconf 82' lang='lat' dir='ltr'>undatis</span> <span class='ocrx_word' id='word_1_268' title='bbox 1847 2325 1949 2366; x_wconf 75' lang='lat' dir='ltr'>picta3</span> <span class='ocrx_word' id='word_1_269' title='bbox 1973 2324 2023 2356; x_wconf 90' lang='lat' dir='ltr'>ala</span> <span class='ocrx_word' id='word_1_270' title='bbox 2046 2324 2217 2355; x_wconf 82' lang='lat' dir='ltr'>rotundata</span> 
     </span>
     <span class='ocr_line' id='line_1_31' title="bbox 381 2379 2217 2422; baseline 0 -12"><span class='ocrx_word' id='word_1_271' title='bbox 381 2380 485 2412; x_wconf 82' lang='lat' dir='ltr'>brevis</span> <span class='ocrx_word' id='word_1_272' title='bbox 509 2391 527 2411; x_wconf 90' lang='lat' dir='ltr'>a</span> <span class='ocrx_word' id='word_1_273' title='bbox 550 2380 649 2411; x_wconf 82' lang='lat' dir='ltr'>cauda</span> <span class='ocrx_word' id='word_1_274' title='bbox 671 2379 767 2420; x_wconf 87' lang='lat' dir='ltr'>longa</span> <span class='ocrx_word' id='word_1_275' title='bbox 790 2380 860 2411; x_wconf 87' lang='lat' dir='ltr'>sinu</span> <span class='ocrx_word' id='word_1_276' title='bbox 892 2380 975 2411; x_wconf 88' lang='lat' dir='ltr'>hand</span> <span class='ocrx_word' id='word_1_277' title='bbox 1003 2381 1157 2421; x_wconf 84' lang='lat' dir='ltr'>profundo</span> <span class='ocrx_word' id='word_1_278' title='bbox 1187 2382 1346 2422; x_wconf 76' lang='lat' dir='ltr'>sejuncta3</span> <span class='ocrx_word' id='word_1_279' title='bbox 1381 2384 1516 2413; x_wconf 86' lang='lat' dir='ltr'>rostrum</span> <span class='ocrx_word' id='word_1_280' title='bbox 1547 2381 1781 2418; x_wconf 66' lang='lat' dir='ltr'>acuminatum3</span> <span class='ocrx_word' id='word_1_281' title='bbox 1815 2380 1969 2412; x_wconf 82' lang='lat' dir='ltr'>umbones</span> <span class='ocrx_word' id='word_1_282' title='bbox 1992 2380 2079 2421; x_wconf 86' lang='lat' dir='ltr'>parvi</span> <span class='ocrx_word' id='word_1_283' title='bbox 2102 2379 2217 2421; x_wconf 89' lang='lat' dir='ltr'>promi-</span> 
     </span>
     <span class='ocr_line' id='line_1_32' title="bbox 382 2435 2217 2476; baseline 0 -10"><span class='ocrx_word' id='word_1_284' title='bbox 382 2436 463 2470; x_wconf 79' lang='lat' dir='ltr'>nuli:</span> <span class='ocrx_word' id='word_1_285' title='bbox 494 2435 587 2466; x_wconf 86' lang='lat' dir='ltr'>cardo</span> <span class='ocrx_word' id='word_1_286' title='bbox 617 2435 790 2466; x_wconf 85' lang='lat' dir='ltr'>tuberculis</span> <span class='ocrx_word' id='word_1_287' title='bbox 820 2435 943 2467; x_wconf 84' lang='lat' dir='ltr'>duobus</span> <span class='ocrx_word' id='word_1_288' title='bbox 973 2436 1104 2467; x_wconf 73' lang='lat' dir='ltr'>minutis</span> <span class='ocrx_word' id='word_1_289' title='bbox 1128 2437 1158 2467; x_wconf 92' lang='lat' dir='ltr'>in</span> <span class='ocrx_word' id='word_1_290' title='bbox 1184 2437 1275 2468; x_wconf 89' lang='lat' dir='ltr'>valva</span> <span class='ocrx_word' id='word_1_291' title='bbox 1307 2437 1435 2468; x_wconf 86' lang='lat' dir='ltr'>dextera</span> <span class='ocrx_word' id='word_1_292' title='bbox 1458 2439 1490 2468; x_wconf 84' lang='lat' dir='ltr'>et</span> <span class='ocrx_word' id='word_1_293' title='bbox 1512 2447 1576 2467; x_wconf 86' lang='lat' dir='ltr'>uno</span> <span class='ocrx_word' id='word_1_294' title='bbox 1598 2437 1630 2467; x_wconf 92' lang='lat' dir='ltr'>in</span> <span class='ocrx_word' id='word_1_295' title='bbox 1655 2436 1784 2468; x_wconf 84' lang='lat' dir='ltr'>sinistra</span> <span class='ocrx_word' id='word_1_296' title='bbox 1819 2436 2011 2475; x_wconf 81' lang='lat' dir='ltr'>inst1·uctus;</span> <span class='ocrx_word' id='word_1_297' title='bbox 2046 2435 2217 2476; x_wconf 85' lang='lat' dir='ltr'>margarita</span> 
     </span>
     <span class='ocr_line' id='line_1_33' title="bbox 381 2490 2217 2534; baseline 0.001 -13"><span class='ocrx_word' id='word_1_298' title='bbox 381 2493 527 2531; x_wconf 77' lang='lat' dir='ltr'>argentea</span> <span class='ocrx_word' id='word_1_299' title='bbox 562 2501 670 2532; x_wconf 88' lang='lat' dir='ltr'>parum</span> <span class='ocrx_word' id='word_1_300' title='bbox 706 2490 874 2522; x_wconf 86' lang='lat' dir='ltr'>iridescens</span> <span class='ocrx_word' id='word_1_301' title='bbox 897 2502 916 2522; x_wconf 91' lang='lat' dir='ltr'>a</span> <span class='ocrx_word' id='word_1_302' title='bbox 938 2491 1034 2522; x_wconf 90' lang='lat' dir='ltr'>limbo</span> <span class='ocrx_word' id='word_1_303' title='bbox 1066 2493 1186 2532; x_wconf 79' lang='lat' dir='ltr'>postiee</span> <span class='ocrx_word' id='word_1_304' title='bbox 1208 2493 1272 2524; x_wconf 89' lang='lat' dir='ltr'>lato</span> <span class='ocrx_word' id='word_1_305' title='bbox 1296 2493 1472 2524; x_wconf 84' lang='lat' dir='ltr'>terminata.</span> <span class='ocrx_word' id='word_1_306' title='bbox 1497 2510 1538 2514; x_wconf 88' lang='lat'>-</span> <span class='ocrx_word' id='word_1_307' title='bbox 1562 2491 1727 2533; x_wconf 87' lang='lat' dir='ltr'>Specimen</span> <span class='ocrx_word' id='word_1_308' title='bbox 1751 2492 1835 2534; x_wconf 88' lang='lat' dir='ltr'>quod</span> <span class='ocrx_word' id='word_1_309' title='bbox 1865 2493 1971 2523; x_wconf 81' lang='lat' dir='ltr'>exstat</span> <span class='ocrx_word' id='word_1_310' title='bbox 2002 2491 2175 2522; x_wconf 85' lang='lat' dir='ltr'>maximum</span> <span class='ocrx_word' id='word_1_311' title='bbox 2197 2501 2217 2522; x_wconf 83' lang='lat' dir='ltr'>a</span> 
     </span>
     <span class='ocr_line' id='line_1_34' title="bbox 381 2545 1421 2588; baseline 0.003 -11"><span class='ocrx_word' id='word_1_312' title='bbox 381 2549 480 2578; x_wconf 83' lang='lat' dir='ltr'>rostro</span> <span class='ocrx_word' id='word_1_313' title='bbox 503 2557 603 2587; x_wconf 86' lang='lat' dir='ltr'>usque</span> <span class='ocrx_word' id='word_1_314' title='bbox 626 2546 665 2577; x_wconf 88' lang='lat' dir='ltr'>ad</span> <span class='ocrx_word' id='word_1_315' title='bbox 688 2545 782 2577; x_wconf 86' lang='lat' dir='ltr'>finem</span> <span class='ocrx_word' id='word_1_316' title='bbox 806 2546 924 2577; x_wconf 84' lang='lat' dir='ltr'>caudae</span> <span class='ocrx_word' id='word_1_317' title='bbox 947 2547 1028 2578; x_wconf 88' lang='lat' dir='ltr'>circa</span> <span class='ocrx_word' id='word_1_318' title='bbox 1051 2547 1093 2578; x_wconf 78' lang='lat'>40</span> <span class='ocrx_word' id='word_1_319' title='bbox 1116 2548 1189 2579; x_wconf 88' lang='lat' dir='ltr'>mill.</span> <span class='ocrx_word' id='word_1_320' title='bbox 1214 2549 1341 2588; x_wconf 87' lang='lat' dir='ltr'>longum</span> <span class='ocrx_word' id='word_1_321' title='bbox 1364 2550 1421 2580; x_wconf 86' lang='lat' dir='ltr'>est.</span> 
     </span>
    </p>

    <p class='ocr_par' dir='ltr' id='par_1_17' title="bbox 534 2602 1088 2642">
     <span class='ocr_line' id='line_1_35' title="bbox 534 2602 1088 2642; baseline 0.002 -10"><span class='ocrx_word' id='word_1_322' title='bbox 534 2602 617 2633; x_wconf 88' lang='lat' dir='ltr'>Mare</span> <span class='ocrx_word' id='word_1_323' title='bbox 640 2602 792 2642; x_wconf 84' lang='lat' dir='ltr'>Japoniae</span> <span class='ocrx_word' id='word_1_324' title='bbox 816 2602 1088 2633; x_wconf 84' lang='lat' dir='ltr'>mediterraneum.</span> 
     </span>
    </p>
   </div>
   <div class='ocr_carea' id='block_1_16' title="bbox 532 2657 2209 2754">
    <p class='ocr_par' dir='ltr' id='par_1_18' title="bbox 532 2657 2209 2754">
     <span class='ocr_line' id='line_1_36' title="bbox 534 2657 1812 2698; baseline 0.001 -10"><span class='ocrx_word' id='word_1_325' title='bbox 534 2658 661 2688; x_wconf 84' lang='lat' dir='ltr'>Pictura</span> <span class='ocrx_word' id='word_1_326' title='bbox 684 2657 843 2689; x_wconf 85' lang='lat' dir='ltr'>valvarum</span> <span class='ocrx_word' id='word_1_327' title='bbox 868 2660 1006 2698; x_wconf 85' lang='lat' dir='ltr'>pennata</span> <span class='ocrx_word' id='word_1_328' title='bbox 1029 2658 1182 2698; x_wconf 83' lang='lat' dir='ltr'>perdicem</span> <span class='ocrx_word' id='word_1_329' title='bbox 1208 2658 1255 2689; x_wconf 84' lang='lat' dir='ltr'>vel</span> <span class='ocrx_word' id='word_1_330' title='bbox 1280 2659 1471 2690; x_wconf 81' lang='lat' dir='ltr'>coturnicem</span> <span class='ocrx_word' id='word_1_331' title='bbox 1496 2659 1528 2690; x_wconf 93' lang='lat' dir='ltr'>in</span> <span class='ocrx_word' id='word_1_332' title='bbox 1551 2660 1689 2690; x_wconf 83' lang='lat' dir='ltr'>mentem</span> <span class='ocrx_word' id='word_1_333' title='bbox 1711 2659 1812 2689; x_wconf 85' lang='lat' dir='ltr'>vocat.</span> 
     </span>
     <span class='ocr_line' id='line_1_37' title="bbox 532 2712 2209 2754; baseline 0.001 -11"><span class='ocrx_word' id='word_1_334' title='bbox 532 2712 593 2744; x_wconf 80' lang='lat' dir='ltr'>Cfr.</span> <span class='ocrx_word' id='word_1_335' title='bbox 618 2713 745 2744; x_wconf 85' lang='lat' dir='ltr'>Dunker</span> <span class='ocrx_word' id='word_1_336' title='bbox 767 2713 908 2754; x_wconf 85' lang='lat' dir='ltr'>Monogr.</span> <span class='ocrx_word' id='word_1_337' title='bbox 932 2712 985 2744; x_wconf 89' lang='lat' dir='ltr'>der</span> <span class='ocrx_word' id='word_1_338' title='bbox 1008 2712 1153 2754; x_wconf 81' lang='lat' dir='ltr'>Gattung</span> <span class='ocrx_word' id='word_1_339' title='bbox 1176 2714 1306 2746; x_wconf 82' lang='lat' dir='ltr'>Avicula</span> <span class='ocrx_word' id='word_1_340' title='bbox 1330 2714 1446 2746; x_wconf 90' lang='lat' dir='ltr'>Conch.</span> <span class='ocrx_word' id='word_1_341' title='bbox 1471 2714 1546 2746; x_wconf 86' lang='lat' dir='ltr'>Cab.</span> <span class='ocrx_word' id='word_1_342' title='bbox 1571 2714 1618 2746; x_wconf 89' lang='lat' dir='ltr'>ed.</span> <span class='ocrx_word' id='word_1_343' title='bbox 1643 2713 1697 2745; x_wconf 83' lang='lat' dir='ltr'>alt.</span> <span class='ocrx_word' id='word_1_344' title='bbox 1722 2724 1793 2754; x_wconf 87' lang='lat' dir='ltr'>pag.</span> <span class='ocrx_word' id='word_1_345' title='bbox 1818 2714 1868 2745; x_wconf 82' lang='lat'>67.</span> <span class='ocrx_word' id='word_1_346' title='bbox 1894 2713 1970 2745; x_wconf 89' lang='lat' dir='ltr'>Tab.</span> <span class='ocrx_word' id='word_1_347' title='bbox 1995 2713 2047 2745; x_wconf 83' lang='lat'>23.</span> <span class='ocrx_word' id='word_1_348' title='bbox 2065 2713 2117 2754; x_wconf 83' lang='lat' dir='ltr'>fig.</span> <span class='ocrx_word' id='word_1_349' title='bbox 2134 2713 2164 2744; x_wconf 87' lang='lat'>4.</span> <span class='ocrx_word' id='word_1_350' title='bbox 2181 2712 2209 2744; x_wconf 87' lang='lat'>5.</span> 
     </span>
    </p>
   </div>
  </div>
 </body>
</html>
