<?xml version="1.0" encoding="UTF-8"?>
<!DOCTYPE html PUBLIC "-//W3C//DTD XHTML 1.0 Transitional//EN"
    "http://www.w3.org/TR/xhtml1/DTD/xhtml1-transitional.dtd">
<html xmlns="http://www.w3.org/1999/xhtml" xml:lang="en" lang="en">
 <head>
  <title>
</title>
<meta http-equiv="Content-Type" content="text/html;charset=utf-8" />
  <meta name='ocr-system' content='tesseract 3.04.00' />
  <meta name='ocr-capabilities' content='ocr_page ocr_carea ocr_par ocr_line ocrx_word'/>
</head>
<body>
  <div class='ocr_page' id='page_1' title='image "./indexmolluscorum00dunk_0237.png"; bbox 0 0 2379 3382; ppageno 0'>
   <div class='ocr_carea' id='block_1_1' title="bbox 912 249 1144 281">
    <p class='ocr_par' dir='ltr' id='par_1_1' title="bbox 912 249 1144 281">
     <span class='ocr_line' id='line_1_1' title="bbox 912 249 1144 281; baseline 0.004 -1"><span class='ocrx_word' id='word_1_1' title='bbox 912 249 1144 281; x_wconf 73' lang='lat'><strong>—2123—</strong></span> 
     </span>
    </p>
   </div>
   <div class='ocr_carea' id='block_1_2' title="bbox 733 334 1341 374">
    <p class='ocr_par' dir='ltr' id='par_1_2' title="bbox 733 334 1341 374">
     <span class='ocr_line' id='line_1_2' title="bbox 733 334 1341 374; baseline -0.01 -4"><span class='ocrx_word' id='word_1_2' title='bbox 733 337 907 370; x_wconf 85' lang='lat' dir='ltr'>Modiola</span> <span class='ocrx_word' id='word_1_3' title='bbox 937 335 1148 367; x_wconf 84' lang='lat' dir='ltr'>Metcalfei</span> <span class='ocrx_word' id='word_1_4' title='bbox 1179 334 1341 374; x_wconf 78' lang='lat' dir='ltr'>Hanley.</span> 
     </span>
    </p>
   </div>
   <div class='ocr_carea' id='block_1_3' title="bbox 314 400 1956 436">
    <p class='ocr_par' dir='ltr' id='par_1_3' title="bbox 314 400 1956 436">
     <span class='ocr_line' id='line_1_3' title="bbox 314 400 1956 436; baseline -0.004 -3"><span class='ocrx_word' id='word_1_5' title='bbox 314 408 387 434; x_wconf 75' lang='lat' dir='ltr'>Proc.</span> <span class='ocrx_word' id='word_1_6' title='bbox 401 408 470 433; x_wconf 69' lang='lat' dir='ltr'>Zool.</span> <span class='ocrx_word' id='word_1_7' title='bbox 484 409 540 434; x_wconf 77' lang='lat' dir='ltr'>Soc.</span> <span class='ocrx_word' id='word_1_8' title='bbox 556 409 617 434; x_wconf 63' lang='lat'>1844</span> <span class='ocrx_word' id='word_1_9' title='bbox 657 408 762 433; x_wconf 74' lang='lat' dir='ltr'>Reeve</span> <span class='ocrx_word' id='word_1_10' title='bbox 779 405 955 432; x_wconf 73' lang='lat' dir='ltr'>c011011.ic011.</span> <span class='ocrx_word' id='word_1_11' title='bbox 975 403 1092 429; x_wconf 78' lang='lat' dir='ltr'>Modiola</span> <span class='ocrx_word' id='word_1_12' title='bbox 1107 410 1175 436; x_wconf 80' lang='lat' dir='ltr'>spec.</span> <span class='ocrx_word' id='word_1_13' title='bbox 1193 403 1230 427; x_wconf 62' lang='lat' dir='ltr'>lt).</span> <span class='ocrx_word' id='word_1_14' title='bbox 1244 410 1266 428; x_wconf 71' lang='grc' dir='ltr'>ιι,</span> <span class='ocrx_word' id='word_1_15' title='bbox 1278 401 1302 426; x_wconf 90' lang='lat' dir='ltr'>b.</span> <span class='ocrx_word' id='word_1_16' title='bbox 1337 401 1479 427; x_wconf 73' lang='lat' dir='ltr'>Lischlze</span> <span class='ocrx_word' id='word_1_17' title='bbox 1498 401 1556 434; x_wconf 79' lang='lat' dir='ltr'>Jap.</span> <span class='ocrx_word' id='word_1_18' title='bbox 1572 401 1605 426; x_wconf 72' lang='lat' dir='ltr'>M.</span> <span class='ocrx_word' id='word_1_19' title='bbox 1620 400 1716 426; x_wconf 73' lang='lat' dir='ltr'>(Joncli.</span> <span class='ocrx_word' id='word_1_20' title='bbox 1730 400 1779 426; x_wconf 89' lang='lat' dir='ltr'>vol.</span> <span class='ocrx_word' id='word_1_21' title='bbox 1792 401 1812 426; x_wconf 82' lang='lat' dir='ltr'>l.</span> <span class='ocrx_word' id='word_1_22' title='bbox 1824 408 1885 434; x_wconf 78' lang='lat' dir='ltr'>pag.</span> <span class='ocrx_word' id='word_1_23' title='bbox 1901 400 1956 426; x_wconf 79' lang='lat'>158.</span> 
     </span>
    </p>
   </div>
   <div class='ocr_carea' id='block_1_4' title="bbox 106 461 1960 731">
    <p class='ocr_par' dir='ltr' id='par_1_4' title="bbox 106 461 1960 676">
     <span class='ocr_line' id='line_1_4' title="bbox 262 461 1954 509; baseline -0.005 -9"><span class='ocrx_word' id='word_1_24' title='bbox 262 468 443 509; x_wconf 84' lang='lat' dir='ltr'>Specimina</span> <span class='ocrx_word' id='word_1_25' title='bbox 463 469 590 509; x_wconf 82' lang='lat' dir='ltr'>juniora</span> <span class='ocrx_word' id='word_1_26' title='bbox 613 469 731 499; x_wconf 86' lang='lat' dir='ltr'>adsunt</span> <span class='ocrx_word' id='word_1_27' title='bbox 755 467 857 498; x_wconf 80' lang='lat' dir='ltr'>colore</span> <span class='ocrx_word' id='word_1_28' title='bbox 874 465 979 496; x_wconf 81' lang='lat' dir='ltr'>vivido</span> <span class='ocrx_word' id='word_1_29' title='bbox 998 466 1029 495; x_wconf 87' lang='lat' dir='ltr'>et</span> <span class='ocrx_word' id='word_1_30' title='bbox 1047 463 1198 503; x_wconf 81' lang='lat' dir='ltr'>languido</span> <span class='ocrx_word' id='word_1_31' title='bbox 1222 462 1388 493; x_wconf 70' lang='lat' dir='ltr'>variantia.</span> <span class='ocrx_word' id='word_1_32' title='bbox 1434 462 1547 492; x_wconf 81' lang='lat' dir='ltr'>Testae</span> <span class='ocrx_word' id='word_1_33' title='bbox 1570 462 1711 501; x_wconf 76' lang='lat' dir='ltr'>integrae</span> <span class='ocrx_word' id='word_1_34' title='bbox 1734 472 1806 492; x_wconf 83' lang='lat' dir='ltr'>area</span> <span class='ocrx_word' id='word_1_35' title='bbox 1822 461 1954 501; x_wconf 79' lang='lat' dir='ltr'>setigera</span> 
     </span>
     <span class='ocr_line' id='line_1_5' title="bbox 107 517 1959 562; baseline -0.005 -6"><span class='ocrx_word' id='word_1_36' title='bbox 107 525 258 556; x_wconf 80' lang='lat' dir='ltr'>distincte</span> <span class='ocrx_word' id='word_1_37' title='bbox 280 524 452 555; x_wconf 81' lang='lat' dir='ltr'>terminata</span> <span class='ocrx_word' id='word_1_38' title='bbox 475 524 515 555; x_wconf 82' lang='lat' dir='ltr'>ab</span> <span class='ocrx_word' id='word_1_39' title='bbox 540 523 733 555; x_wconf 79' lang='lat' dir='ltr'>umbonibus</span> <span class='ocrx_word' id='word_1_40' title='bbox 757 523 796 553; x_wconf 85' lang='lat' dir='ltr'>ad</span> <span class='ocrx_word' id='word_1_41' title='bbox 819 522 904 552; x_wconf 81' lang='lat' dir='ltr'>latus</span> <span class='ocrx_word' id='word_1_42' title='bbox 923 521 1081 562; x_wconf 82' lang='lat' dir='ltr'>posticum</span> <span class='ocrx_word' id='word_1_43' title='bbox 1106 519 1292 549; x_wconf 82' lang='lat' dir='ltr'>decurrente</span> <span class='ocrx_word' id='word_1_44' title='bbox 1316 517 1488 557; x_wconf 77' lang='lat' dir='ltr'>insignitae</span> <span class='ocrx_word' id='word_1_45' title='bbox 1511 520 1594 548; x_wconf 82' lang='lat' dir='ltr'>sunt.</span> <span class='ocrx_word' id='word_1_46' title='bbox 1641 517 1823 548; x_wconf 71' lang='lat' dir='ltr'>Theodorus</span> <span class='ocrx_word' id='word_1_47' title='bbox 1846 517 1959 547; x_wconf 87' lang='lat' dir='ltr'>Menke</span> 
     </span>
     <span class='ocr_line' id='line_1_6' title="bbox 106 572 1960 621; baseline -0.004 -10"><span class='ocrx_word' id='word_1_48' title='bbox 106 581 171 621; x_wconf 86' lang='lat' dir='ltr'>jam</span> <span class='ocrx_word' id='word_1_49' title='bbox 197 591 235 611; x_wconf 83' lang='lat' dir='ltr'>ex</span> <span class='ocrx_word' id='word_1_50' title='bbox 262 580 357 620; x_wconf 84' lang='lat' dir='ltr'>longo</span> <span class='ocrx_word' id='word_1_51' title='bbox 381 579 498 610; x_wconf 78' lang='lat' dir='ltr'>abhinc</span> <span class='ocrx_word' id='word_1_52' title='bbox 521 582 662 620; x_wconf 85' lang='lat' dir='ltr'>tempore.</span> <span class='ocrx_word' id='word_1_53' title='bbox 685 577 843 619; x_wconf 75' lang='lat' dir='ltr'>specimen</span> <span class='ocrx_word' id='word_1_54' title='bbox 865 577 976 617; x_wconf 80' lang='lat' dir='ltr'>junius</span> <span class='ocrx_word' id='word_1_55' title='bbox 1000 586 1122 607; x_wconf 79' lang='lat' dir='ltr'>mecum</span> <span class='ocrx_word' id='word_1_56' title='bbox 1149 573 1397 605; x_wconf 72' lang='lat' dir='ltr'>communicavit</span> <span class='ocrx_word' id='word_1_57' title='bbox 1420 574 1547 605; x_wconf 87' lang='lat' dir='ltr'>nomine</span> <span class='ocrx_word' id='word_1_58' title='bbox 1563 572 1719 604; x_wconf 84' lang='lat' dir='ltr'>Modiolae</span> <span class='ocrx_word' id='word_1_59' title='bbox 1736 573 1960 611; x_wconf 68' lang='lat' dir='ltr'>semivestitae,</span> 
     </span>
     <span class='ocr_line' id='line_1_7' title="bbox 109 631 1286 676; baseline -0.006 -9"><span class='ocrx_word' id='word_1_60' title='bbox 109 647 191 676; x_wconf 83' lang='lat' dir='ltr'>quae</span> <span class='ocrx_word' id='word_1_61' title='bbox 215 646 288 667; x_wconf 85' lang='lat' dir='ltr'>vero</span> <span class='ocrx_word' id='word_1_62' title='bbox 313 635 530 666; x_wconf 75' lang='lat' dir='ltr'>denominatio</span> <span class='ocrx_word' id='word_1_63' title='bbox 554 635 678 673; x_wconf 79' lang='lat' dir='ltr'>idonea,</span> <span class='ocrx_word' id='word_1_64' title='bbox 703 635 857 675; x_wconf 83' lang='lat' dir='ltr'>quantum</span> <span class='ocrx_word' id='word_1_65' title='bbox 883 632 958 666; x_wconf 80' lang='lat' dir='ltr'>scio.</span> <span class='ocrx_word' id='word_1_66' title='bbox 983 631 1096 662; x_wconf 76' lang='lat' dir='ltr'>nullibi</span> <span class='ocrx_word' id='word_1_67' title='bbox 1121 631 1206 661; x_wconf 83' lang='lat' dir='ltr'>edita</span> <span class='ocrx_word' id='word_1_68' title='bbox 1230 632 1286 660; x_wconf 84' lang='lat' dir='ltr'>est.</span> 
     </span>
    </p>

    <p class='ocr_par' dir='ltr' id='par_1_5' title="bbox 264 685 1532 731">
     <span class='ocr_line' id='line_1_8' title="bbox 264 685 1532 731; baseline -0.006 -9"><span class='ocrx_word' id='word_1_69' title='bbox 264 690 392 731; x_wconf 79' lang='lat' dir='ltr'>Species</span> <span class='ocrx_word' id='word_1_70' title='bbox 415 692 447 722; x_wconf 90' lang='lat' dir='ltr'>in</span> <span class='ocrx_word' id='word_1_71' title='bbox 471 690 662 731; x_wconf 86' lang='lat' dir='ltr'>Philippinis</span> <span class='ocrx_word' id='word_1_72' title='bbox 686 689 809 727; x_wconf 78' lang='lat' dir='ltr'>insulis,</span> <span class='ocrx_word' id='word_1_73' title='bbox 833 688 910 719; x_wconf 87' lang='lat' dir='ltr'>mari</span> <span class='ocrx_word' id='word_1_74' title='bbox 935 687 1090 727; x_wconf 86' lang='lat' dir='ltr'>Japonico</span> <span class='ocrx_word' id='word_1_75' title='bbox 1115 689 1146 717; x_wconf 88' lang='lat' dir='ltr'>et</span> <span class='ocrx_word' id='word_1_76' title='bbox 1169 685 1322 717; x_wconf 81' lang='lat' dir='ltr'>Chinensi</span> <span class='ocrx_word' id='word_1_77' title='bbox 1346 685 1431 716; x_wconf 85' lang='lat' dir='ltr'>haud</span> <span class='ocrx_word' id='word_1_78' title='bbox 1455 696 1532 716; x_wconf 80' lang='lat' dir='ltr'>rara.</span> 
     </span>
    </p>
   </div>
   <div class='ocr_carea' id='block_1_5' title="bbox 264 784 1516 1005">
    <p class='ocr_par' dir='ltr' id='par_1_6' title="bbox 264 784 1516 1005">
     <span class='ocr_line' id='line_1_9' title="bbox 792 784 1278 817; baseline -0.006 0"><span class='ocrx_word' id='word_1_79' title='bbox 792 786 972 817; x_wconf 80' lang='lat' dir='ltr'>Modiola</span> <span class='ocrx_word' id='word_1_80' title='bbox 1003 785 1137 816; x_wconf 86' lang='lat' dir='ltr'>nitida</span> <span class='ocrx_word' id='word_1_81' title='bbox 1166 784 1278 815; x_wconf 76' lang='lat' dir='ltr'>Hanl.</span> 
     </span>
     <span class='ocr_line' id='line_1_10' title="bbox 319 848 1258 882; baseline -0.005 -4"><span class='ocrx_word' id='word_1_82' title='bbox 319 853 431 878; x_wconf 79' lang='lat' dir='ltr'>Recve</span> <span class='ocrx_word' id='word_1_83' title='bbox 452 851 549 877; x_wconf 86' lang='lat' dir='ltr'>Conch.</span> <span class='ocrx_word' id='word_1_84' title='bbox 568 852 634 877; x_wconf 84' lang='lat' dir='ltr'>icon.</span> <span class='ocrx_word' id='word_1_85' title='bbox 655 850 771 876; x_wconf 80' lang='lat' dir='ltr'>Modiola</span> <span class='ocrx_word' id='word_1_86' title='bbox 791 850 855 876; x_wconf 79' lang='lat' dir='ltr'>Tab.</span> <span class='ocrx_word' id='word_1_87' title='bbox 876 849 899 876; x_wconf 82' lang='lat'>2.</span> <span class='ocrx_word' id='word_1_88' title='bbox 919 850 964 882; x_wconf 81' lang='lat' dir='ltr'>fig.</span> <span class='ocrx_word' id='word_1_89' title='bbox 984 850 1006 874; x_wconf 72' lang='lat'>⁴3.</span> <span class='ocrx_word' id='word_1_90' title='bbox 1028 848 1092 874; x_wconf 81' lang='lat' dir='ltr'>Tab.</span> <span class='ocrx_word' id='word_1_91' title='bbox 1113 849 1134 874; x_wconf 79' lang='lat'>7.</span> <span class='ocrx_word' id='word_1_92' title='bbox 1154 848 1198 880; x_wconf 77' lang='lat' dir='ltr'>fig.</span> <span class='ocrx_word' id='word_1_93' title='bbox 1218 848 1258 873; x_wconf 74' lang='lat'>3⁴3.</span> 
     </span>
     <span class='ocr_line' id='line_1_11' title="bbox 264 904 1516 945; baseline -0.005 -5"><span class='ocrx_word' id='word_1_94' title='bbox 264 908 361 940; x_wconf 85' lang='lat' dir='ltr'>Sinus</span> <span class='ocrx_word' id='word_1_95' title='bbox 383 908 550 939; x_wconf 64' lang='lat' dir='ltr'>Jedoensis</span> <span class='ocrx_word' id='word_1_96' title='bbox 574 907 718 939; x_wconf 81' lang='lat' dir='ltr'>Lischke.</span> <span class='ocrx_word' id='word_1_97' title='bbox 765 906 880 938; x_wconf 73' lang='lat' dir='ltr'>Portus</span> <span class='ocrx_word' id='word_1_98' title='bbox 903 905 1165 945; x_wconf 79' lang='lat' dir='ltr'>Essingtonensis</span> <span class='ocrx_word' id='word_1_99' title='bbox 1190 904 1297 935; x_wconf 82' lang='lat' dir='ltr'>Novae</span> <span class='ocrx_word' id='word_1_100' title='bbox 1321 904 1516 935; x_wconf 81' lang='lat' dir='ltr'>Hollandiae.</span> 
     </span>
     <span class='ocr_line' id='line_1_12' title="bbox 268 964 743 1005; baseline -0.006 -9"><span class='ocrx_word' id='word_1_101' title='bbox 268 964 434 1005; x_wconf 84' lang='lat' dir='ltr'>Specimen</span> <span class='ocrx_word' id='word_1_102' title='bbox 459 964 603 995; x_wconf 87' lang='lat' dir='ltr'>adultum</span> <span class='ocrx_word' id='word_1_103' title='bbox 628 965 743 994; x_wconf 83' lang='lat' dir='ltr'>exstat.</span> 
     </span>
    </p>
   </div>
   <div class='ocr_carea' id='block_1_6' title="bbox 110 1046 1965 1647">
    <p class='ocr_par' dir='ltr' id='par_1_7' title="bbox 786 1046 1284 1138">
     <span class='ocr_line' id='line_1_13' title="bbox 786 1046 1284 1085; baseline -0.006 -6"><span class='ocrx_word' id='word_1_104' title='bbox 786 1047 961 1079; x_wconf 83' lang='lat' dir='ltr'>Modiola</span> <span class='ocrx_word' id='word_1_105' title='bbox 991 1046 1165 1085; x_wconf 79' lang='lat' dir='ltr'>Hanleyi</span> <span class='ocrx_word' id='word_1_106' title='bbox 1200 1046 1284 1077; x_wconf 75' lang='lat' dir='ltr'>Dkr.</span> 
     </span>
     <span class='ocr_line' id='line_1_14' title="bbox 844 1105 1232 1138; baseline -0.005 -7"><span class='ocrx_word' id='word_1_107' title='bbox 844 1106 908 1132; x_wconf 83' lang='lat' dir='ltr'>Tab.</span> <span class='ocrx_word' id='word_1_108' title='bbox 928 1108 1021 1131; x_wconf 83' lang='lat' dir='ltr'>nostra</span> <span class='ocrx_word' id='word_1_109' title='bbox 1043 1106 1081 1131; x_wconf 69' lang='lat'>16.</span> <span class='ocrx_word' id='word_1_110' title='bbox 1101 1106 1146 1138; x_wconf 79' lang='lat' dir='ltr'>fig.</span> <span class='ocrx_word' id='word_1_111' title='bbox 1167 1105 1188 1130; x_wconf 69' lang='lat'>23,</span> <span class='ocrx_word' id='word_1_112' title='bbox 1209 1105 1232 1130; x_wconf 77' lang='lat'>4.</span> 
     </span>
    </p>

    <p class='ocr_par' dir='ltr' id='par_1_8' title="bbox 110 1157 1964 1424">
     <span class='ocr_line' id='line_1_15' title="bbox 266 1157 1962 1201; baseline -0.002 -9"><span class='ocrx_word' id='word_1_113' title='bbox 266 1160 362 1192; x_wconf 86' lang='lat' dir='ltr'>Testa</span> <span class='ocrx_word' id='word_1_114' title='bbox 393 1160 542 1201; x_wconf 77' lang='lat' dir='ltr'>oblonga,</span> <span class='ocrx_word' id='word_1_115' title='bbox 576 1160 710 1199; x_wconf 76' lang='lat' dir='ltr'>tumida,</span> <span class='ocrx_word' id='word_1_116' title='bbox 743 1159 941 1191; x_wconf 81' lang='lat' dir='ltr'>concentrice</span> <span class='ocrx_word' id='word_1_117' title='bbox 973 1159 1095 1195; x_wconf 70' lang='lat' dir='ltr'>striata.</span> <span class='ocrx_word' id='word_1_118' title='bbox 1130 1158 1239 1189; x_wconf 87' lang='lat' dir='ltr'>antice</span> <span class='ocrx_word' id='word_1_119' title='bbox 1270 1157 1454 1196; x_wconf 82' lang='lat' dir='ltr'>rotundata,</span> <span class='ocrx_word' id='word_1_120' title='bbox 1489 1157 1609 1198; x_wconf 86' lang='lat' dir='ltr'>postice</span> <span class='ocrx_word' id='word_1_121' title='bbox 1642 1157 1805 1197; x_wconf 76' lang='lat' dir='ltr'>producta,</span> <span class='ocrx_word' id='word_1_122' title='bbox 1834 1157 1962 1197; x_wconf 83' lang='lat' dir='ltr'>paulum</span> 
     </span>
     <span class='ocr_line' id='line_1_16' title="bbox 110 1212 1963 1257; baseline -0.003 -9"><span class='ocrx_word' id='word_1_123' title='bbox 110 1216 254 1255; x_wconf 81' lang='lat' dir='ltr'>dilatata,</span> <span class='ocrx_word' id='word_1_124' title='bbox 278 1216 371 1248; x_wconf 86' lang='lat' dir='ltr'>dorso</span> <span class='ocrx_word' id='word_1_125' title='bbox 395 1216 501 1248; x_wconf 82' lang='lat' dir='ltr'>antico</span> <span class='ocrx_word' id='word_1_126' title='bbox 524 1216 651 1257; x_wconf 77' lang='lat' dir='ltr'>plicata,</span> <span class='ocrx_word' id='word_1_127' title='bbox 684 1215 806 1256; x_wconf 86' lang='lat' dir='ltr'>postico</span> <span class='ocrx_word' id='word_1_128' title='bbox 836 1214 1012 1255; x_wconf 82' lang='lat' dir='ltr'>aequaliter</span> <span class='ocrx_word' id='word_1_129' title='bbox 1043 1214 1210 1251; x_wconf 83' lang='lat' dir='ltr'>fornicata,</span> <span class='ocrx_word' id='word_1_130' title='bbox 1239 1213 1430 1254; x_wconf 88' lang='lat' dir='ltr'>epidermide</span> <span class='ocrx_word' id='word_1_131' title='bbox 1458 1213 1539 1245; x_wconf 83' lang='lat' dir='ltr'>laevi</span> <span class='ocrx_word' id='word_1_132' title='bbox 1563 1215 1761 1244; x_wconf 80' lang='lat' dir='ltr'>atro-cornea</span> <span class='ocrx_word' id='word_1_133' title='bbox 1791 1212 1883 1244; x_wconf 83' lang='lat' dir='ltr'>facile</span> <span class='ocrx_word' id='word_1_134' title='bbox 1910 1213 1963 1244; x_wconf 82' lang='lat' dir='ltr'>de-</span> 
     </span>
     <span class='ocr_line' id='line_1_17' title="bbox 111 1269 1964 1311; baseline -0.003 -7"><span class='ocrx_word' id='word_1_135' title='bbox 111 1272 255 1304; x_wconf 88' lang='lat' dir='ltr'>hiscente</span> <span class='ocrx_word' id='word_1_136' title='bbox 287 1272 420 1311; x_wconf 79' lang='lat' dir='ltr'>vestita3</span> <span class='ocrx_word' id='word_1_137' title='bbox 455 1271 611 1303; x_wconf 83' lang='lat' dir='ltr'>umbones</span> <span class='ocrx_word' id='word_1_138' title='bbox 639 1271 752 1303; x_wconf 88' lang='lat' dir='ltr'>tumidi</span> <span class='ocrx_word' id='word_1_139' title='bbox 783 1271 922 1310; x_wconf 77' lang='lat' dir='ltr'>incurvi3</span> <span class='ocrx_word' id='word_1_140' title='bbox 961 1281 1070 1310; x_wconf 81' lang='lat' dir='ltr'>margo</span> <span class='ocrx_word' id='word_1_141' title='bbox 1098 1270 1217 1301; x_wconf 85' lang='lat' dir='ltr'>ventris</span> <span class='ocrx_word' id='word_1_142' title='bbox 1248 1270 1440 1309; x_wconf 81' lang='lat' dir='ltr'>rectilineus,</span> <span class='ocrx_word' id='word_1_143' title='bbox 1472 1270 1519 1301; x_wconf 88' lang='lat' dir='ltr'>vel</span> <span class='ocrx_word' id='word_1_144' title='bbox 1548 1279 1659 1309; x_wconf 85' lang='lat' dir='ltr'>parum</span> <span class='ocrx_word' id='word_1_145' title='bbox 1690 1269 1850 1308; x_wconf 76' lang='lat' dir='ltr'>sinuatus3</span> <span class='ocrx_word' id='word_1_146' title='bbox 1885 1269 1964 1310; x_wconf 79' lang='lat' dir='ltr'>liga-</span> 
     </span>
     <span class='ocr_line' id='line_1_18' title="bbox 110 1325 1963 1368; baseline -0.002 -9"><span class='ocrx_word' id='word_1_147' title='bbox 110 1330 253 1360; x_wconf 87' lang='lat' dir='ltr'>mentum</span> <span class='ocrx_word' id='word_1_148' title='bbox 284 1328 414 1368; x_wconf 88' lang='lat' dir='ltr'>longum</span> <span class='ocrx_word' id='word_1_149' title='bbox 446 1330 619 1368; x_wconf 86' lang='lat' dir='ltr'>angustum</span> <span class='ocrx_word' id='word_1_150' title='bbox 650 1328 831 1358; x_wconf 85' lang='lat' dir='ltr'>immersum</span> <span class='ocrx_word' id='word_1_151' title='bbox 866 1329 970 1357; x_wconf 85' lang='lat' dir='ltr'>totum</span> <span class='ocrx_word' id='word_1_152' title='bbox 1001 1337 1102 1367; x_wconf 85' lang='lat' dir='ltr'>paene</span> <span class='ocrx_word' id='word_1_153' title='bbox 1130 1326 1258 1358; x_wconf 89' lang='lat' dir='ltr'>dorsum</span> <span class='ocrx_word' id='word_1_154' title='bbox 1289 1329 1420 1365; x_wconf 68' lang='lat' dir='ltr'>tenens3</span> <span class='ocrx_word' id='word_1_155' title='bbox 1454 1326 1550 1358; x_wconf 82' lang='lat' dir='ltr'>facies</span> <span class='ocrx_word' id='word_1_156' title='bbox 1574 1325 1698 1356; x_wconf 86' lang='lat' dir='ltr'>interna</span> <span class='ocrx_word' id='word_1_157' title='bbox 1725 1336 1837 1366; x_wconf 90' lang='lat' dir='ltr'>parum</span> <span class='ocrx_word' id='word_1_158' title='bbox 1861 1325 1963 1356; x_wconf 83' lang='lat' dir='ltr'>nitida</span> 
     </span>
     <span class='ocr_line' id='line_1_19' title="bbox 113 1384 414 1424; baseline -0.003 -9"><span class='ocrx_word' id='word_1_159' title='bbox 113 1384 414 1424; x_wconf 83' lang='lat' dir='ltr'>submargaritacea.</span> 
     </span>
    </p>

    <p class='ocr_par' dir='ltr' id='par_1_9' title="bbox 114 1436 1964 1536">
     <span class='ocr_line' id='line_1_20' title="bbox 266 1436 1964 1480; baseline -0.001 -10"><span class='ocrx_word' id='word_1_160' title='bbox 266 1438 482 1480; x_wconf 86' lang='lat' dir='ltr'>Speciminum</span> <span class='ocrx_word' id='word_1_161' title='bbox 505 1449 586 1480; x_wconf 88' lang='lat' dir='ltr'>quae</span> <span class='ocrx_word' id='word_1_162' title='bbox 609 1439 726 1470; x_wconf 86' lang='lat' dir='ltr'>adsunt</span> <span class='ocrx_word' id='word_1_163' title='bbox 750 1439 924 1469; x_wconf 80' lang='lat' dir='ltr'>maximum</span> <span class='ocrx_word' id='word_1_164' title='bbox 949 1438 987 1469; x_wconf 64' lang='lat'>&amp;1</span> <span class='ocrx_word' id='word_1_165' title='bbox 1006 1437 1082 1468; x_wconf 89' lang='lat' dir='ltr'>mill.</span> <span class='ocrx_word' id='word_1_166' title='bbox 1107 1438 1239 1478; x_wconf 86' lang='lat' dir='ltr'>longum</span> <span class='ocrx_word' id='word_1_167' title='bbox 1257 1440 1315 1477; x_wconf 81' lang='lat' dir='ltr'>est,</span> <span class='ocrx_word' id='word_1_168' title='bbox 1338 1438 1469 1479; x_wconf 87' lang='lat' dir='ltr'>ejusque</span> <span class='ocrx_word' id='word_1_169' title='bbox 1492 1437 1697 1469; x_wconf 77' lang='lat' dir='ltr'>dimensionis</span> <span class='ocrx_word' id='word_1_170' title='bbox 1721 1436 1802 1468; x_wconf 88' lang='lat' dir='ltr'>ratio</span> <span class='ocrx_word' id='word_1_171' title='bbox 1825 1437 1964 1468; x_wconf 87' lang='lat' dir='ltr'>numeris</span> 
     </span>
     <span class='ocr_line' id='line_1_21' title="bbox 114 1495 571 1536; baseline -0.002 -10"><span class='ocrx_word' id='word_1_172' title='bbox 114 1495 184 1534; x_wconf 82' lang='lat'>100,</span> <span class='ocrx_word' id='word_1_173' title='bbox 207 1495 248 1526; x_wconf 79' lang='lat'>42</span> <span class='ocrx_word' id='word_1_174' title='bbox 273 1500 304 1526; x_wconf 84' lang='lat' dir='ltr'>et</span> <span class='ocrx_word' id='word_1_175' title='bbox 326 1495 367 1526; x_wconf 81' lang='lat'>38</span> <span class='ocrx_word' id='word_1_176' title='bbox 393 1495 571 1536; x_wconf 71' lang='lat' dir='ltr'>respondet.</span> 
     </span>
    </p>

    <p class='ocr_par' dir='ltr' id='par_1_10' title="bbox 111 1549 1965 1647">
     <span class='ocr_line' id='line_1_22' title="bbox 267 1549 1965 1591; baseline -0.001 -9"><span class='ocrx_word' id='word_1_177' title='bbox 267 1550 395 1591; x_wconf 79' lang='lat' dir='ltr'>Species</span> <span class='ocrx_word' id='word_1_178' title='bbox 419 1552 527 1582; x_wconf 85' lang='lat' dir='ltr'>nostra</span> <span class='ocrx_word' id='word_1_179' title='bbox 558 1549 781 1581; x_wconf 87' lang='lat' dir='ltr'>antecendenti</span> <span class='ocrx_word' id='word_1_180' title='bbox 811 1552 894 1580; x_wconf 83' lang='lat' dir='ltr'>certe</span> <span class='ocrx_word' id='word_1_181' title='bbox 924 1549 1070 1589; x_wconf 84' lang='lat' dir='ltr'>proxima</span> <span class='ocrx_word' id='word_1_182' title='bbox 1093 1552 1152 1587; x_wconf 84' lang='lat' dir='ltr'>est,</span> <span class='ocrx_word' id='word_1_183' title='bbox 1186 1550 1240 1581; x_wconf 84' lang='lat' dir='ltr'>sed</span> <span class='ocrx_word' id='word_1_184' title='bbox 1264 1550 1388 1589; x_wconf 87' lang='lat' dir='ltr'>habitu,</span> <span class='ocrx_word' id='word_1_185' title='bbox 1424 1550 1508 1582; x_wconf 88' lang='lat' dir='ltr'>dorsi</span> <span class='ocrx_word' id='word_1_186' title='bbox 1538 1553 1628 1591; x_wconf 83' lang='lat' dir='ltr'>parte</span> <span class='ocrx_word' id='word_1_187' title='bbox 1655 1549 1779 1591; x_wconf 85' lang='lat' dir='ltr'>postica</span> <span class='ocrx_word' id='word_1_188' title='bbox 1810 1549 1965 1581; x_wconf 86' lang='lat' dir='ltr'>fornicata.</span> 
     </span>
     <span class='ocr_line' id='line_1_23' title="bbox 111 1605 1700 1647; baseline -0.001 -9"><span class='ocrx_word' id='word_1_189' title='bbox 111 1617 215 1647; x_wconf 89' lang='lat' dir='ltr'>neque</span> <span class='ocrx_word' id='word_1_190' title='bbox 238 1607 392 1647; x_wconf 77' lang='lat' dir='ltr'>angulata</span> <span class='ocrx_word' id='word_1_191' title='bbox 415 1617 472 1638; x_wconf 89' lang='lat' dir='ltr'>nec</span> <span class='ocrx_word' id='word_1_192' title='bbox 495 1617 558 1638; x_wconf 87' lang='lat' dir='ltr'>non</span> <span class='ocrx_word' id='word_1_193' title='bbox 582 1606 674 1647; x_wconf 86' lang='lat' dir='ltr'>plicis</span> <span class='ocrx_word' id='word_1_194' title='bbox 697 1617 803 1637; x_wconf 87' lang='lat' dir='ltr'>aream</span> <span class='ocrx_word' id='word_1_195' title='bbox 827 1605 991 1646; x_wconf 86' lang='lat' dir='ltr'>ligamenti</span> <span class='ocrx_word' id='word_1_196' title='bbox 1018 1605 1204 1637; x_wconf 87' lang='lat' dir='ltr'>tenentibus</span> <span class='ocrx_word' id='word_1_197' title='bbox 1229 1608 1414 1638; x_wconf 71' lang='lat' dir='ltr'>constanter</span> <span class='ocrx_word' id='word_1_198' title='bbox 1437 1606 1545 1638; x_wconf 78' lang='lat' dir='ltr'>differe</span> <span class='ocrx_word' id='word_1_199' title='bbox 1567 1607 1700 1638; x_wconf 88' lang='lat' dir='ltr'>videtur.</span> 
     </span>
    </p>
   </div>
   <div class='ocr_carea' id='block_1_7' title="bbox 721 1691 1350 1724">
    <p class='ocr_par' dir='ltr' id='par_1_11' title="bbox 721 1691 1350 1724">
     <span class='ocr_line' id='line_1_24' title="bbox 721 1691 1350 1724; baseline 0.002 -1"><span class='ocrx_word' id='word_1_200' title='bbox 721 1691 906 1723; x_wconf 82' lang='lat' dir='ltr'>Modiola</span> <span class='ocrx_word' id='word_1_201' title='bbox 935 1691 1209 1723; x_wconf 79' lang='lat' dir='ltr'>rhomboidea</span> <span class='ocrx_word' id='word_1_202' title='bbox 1238 1692 1350 1724; x_wconf 85' lang='lat' dir='ltr'>Hanl.</span> 
     </span>
    </p>
   </div>
   <div class='ocr_carea' id='block_1_8' title="bbox 320 1759 895 1792">
    <p class='ocr_par' dir='ltr' id='par_1_12' title="bbox 320 1759 895 1792">
     <span class='ocr_line' id='line_1_25' title="bbox 320 1759 895 1792; baseline 0 -7"><span class='ocrx_word' id='word_1_203' title='bbox 320 1759 431 1786; x_wconf 79' lang='lat' dir='ltr'>Reeve</span> <span class='ocrx_word' id='word_1_204' title='bbox 451 1760 548 1785; x_wconf 79' lang='lat' dir='ltr'>Conch.</span> <span class='ocrx_word' id='word_1_205' title='bbox 569 1760 634 1786; x_wconf 86' lang='lat' dir='ltr'>icon.</span> <span class='ocrx_word' id='word_1_206' title='bbox 655 1759 772 1785; x_wconf 82' lang='lat' dir='ltr'>Modiola</span> <span class='ocrx_word' id='word_1_207' title='bbox 790 1759 834 1792; x_wconf 80' lang='lat' dir='ltr'>fig.</span> <span class='ocrx_word' id='word_1_208' title='bbox 855 1759 895 1785; x_wconf 76' lang='lat'>28.</span> 
     </span>
    </p>
   </div>
   <div class='ocr_carea' id='block_1_9' title="bbox 268 1820 1920 1862">
    <p class='ocr_par' dir='ltr' id='par_1_13' title="bbox 268 1820 1920 1862">
     <span class='ocr_line' id='line_1_26' title="bbox 268 1820 1920 1862; baseline 0 -10"><span class='ocrx_word' id='word_1_209' title='bbox 268 1820 451 1862; x_wconf 81' lang='lat' dir='ltr'>Specimina</span> <span class='ocrx_word' id='word_1_210' title='bbox 474 1821 579 1852; x_wconf 85' lang='lat' dir='ltr'>variae</span> <span class='ocrx_word' id='word_1_211' title='bbox 602 1821 718 1852; x_wconf 86' lang='lat' dir='ltr'>aetatis</span> <span class='ocrx_word' id='word_1_212' title='bbox 742 1823 887 1859; x_wconf 48' lang='lat' dir='ltr'>exstant·3</span> <span class='ocrx_word' id='word_1_213' title='bbox 911 1820 944 1851; x_wconf 88' lang='lat' dir='ltr'>in</span> <span class='ocrx_word' id='word_1_214' title='bbox 967 1821 1149 1861; x_wconf 86' lang='lat' dir='ltr'>junioribus</span> <span class='ocrx_word' id='word_1_215' title='bbox 1173 1821 1341 1862; x_wconf 85' lang='lat' dir='ltr'>epidermis</span> <span class='ocrx_word' id='word_1_216' title='bbox 1363 1821 1480 1862; x_wconf 88' lang='lat' dir='ltr'>pallide</span> <span class='ocrx_word' id='word_1_217' title='bbox 1502 1832 1617 1853; x_wconf 86' lang='lat' dir='ltr'>cornea</span> <span class='ocrx_word' id='word_1_218' title='bbox 1640 1824 1670 1853; x_wconf 86' lang='lat' dir='ltr'>et</span> <span class='ocrx_word' id='word_1_219' title='bbox 1694 1821 1920 1862; x_wconf 84' lang='lat' dir='ltr'>subpellucida.</span> 
     </span>
    </p>
   </div>
   <div class='ocr_carea' id='block_1_10' title="bbox 663 1905 1414 1947">
    <p class='ocr_par' dir='ltr' id='par_1_14' title="bbox 663 1905 1414 1947">
     <span class='ocr_line' id='line_1_27' title="bbox 663 1905 1414 1947; baseline 0.003 -11"><span class='ocrx_word' id='word_1_220' title='bbox 663 1905 845 1937; x_wconf 87' lang='lat' dir='ltr'>Modiola</span> <span class='ocrx_word' id='word_1_221' title='bbox 874 1906 1042 1938; x_wconf 82' lang='lat' dir='ltr'>flavida</span> <span class='ocrx_word' id='word_1_222' title='bbox 1072 1907 1161 1938; x_wconf 81' lang='lat' dir='ltr'>Dkr.</span> <span class='ocrx_word' id='word_1_223' title='bbox 1195 1906 1414 1947; x_wconf 74' lang='lat' dir='ltr'>(Volsella).</span> 
     </span>
    </p>
   </div>
   <div class='ocr_carea' id='block_1_11' title="bbox 319 1974 1577 2008">
    <p class='ocr_par' dir='ltr' id='par_1_15' title="bbox 319 1974 1577 2008">
     <span class='ocr_line' id='line_1_28' title="bbox 319 1974 1577 2008; baseline 0.002 -8"><span class='ocrx_word' id='word_1_224' title='bbox 319 1974 393 2000; x_wconf 81' lang='lat' dir='ltr'>Proc.</span> <span class='ocrx_word' id='word_1_225' title='bbox 413 1974 483 2000; x_wconf 87' lang='lat' dir='ltr'>Zool.</span> <span class='ocrx_word' id='word_1_226' title='bbox 504 1974 560 1999; x_wconf 73' lang='lat' dir='ltr'>Soc.</span> <span class='ocrx_word' id='word_1_227' title='bbox 583 1974 654 2000; x_wconf 66' lang='lat'>1856.</span> <span class='ocrx_word' id='word_1_228' title='bbox 675 1981 735 2007; x_wconf 85' lang='lat' dir='ltr'>pag.</span> <span class='ocrx_word' id='word_1_229' title='bbox 756 1974 813 2000; x_wconf 77' lang='lat'>364.</span> <span class='ocrx_word' id='word_1_230' title='bbox 853 1974 961 2000; x_wconf 74' lang='lat' dir='ltr'>Reeve</span> <span class='ocrx_word' id='word_1_231' title='bbox 982 1974 1079 2000; x_wconf 72' lang='lat' dir='ltr'>Concli.</span> <span class='ocrx_word' id='word_1_232' title='bbox 1103 1975 1168 2001; x_wconf 84' lang='lat' dir='ltr'>icon.</span> <span class='ocrx_word' id='word_1_233' title='bbox 1191 1974 1306 2000; x_wconf 80' lang='lat' dir='ltr'>Modiola</span> <span class='ocrx_word' id='word_1_234' title='bbox 1325 1982 1393 2008; x_wconf 84' lang='lat' dir='ltr'>spec.</span> <span class='ocrx_word' id='word_1_235' title='bbox 1413 1975 1453 2001; x_wconf 85' lang='lat'>64.</span> <span class='ocrx_word' id='word_1_236' title='bbox 1473 1975 1517 2008; x_wconf 83' lang='lat' dir='ltr'>fig.</span> <span class='ocrx_word' id='word_1_237' title='bbox 1537 1976 1577 2002; x_wconf 78' lang='lat'>77.</span> 
     </span>
    </p>
   </div>
   <div class='ocr_carea' id='block_1_12' title="bbox 113 2035 1967 2748">
    <p class='ocr_par' dir='ltr' id='par_1_16' title="bbox 113 2035 1966 2188">
     <span class='ocr_line' id='line_1_29' title="bbox 269 2035 1965 2075; baseline 0.001 -9"><span class='ocrx_word' id='word_1_238' title='bbox 269 2035 364 2067; x_wconf 87' lang='lat' dir='ltr'>Testa</span> <span class='ocrx_word' id='word_1_239' title='bbox 388 2035 535 2075; x_wconf 79' lang='lat' dir='ltr'>oblonga.</span> <span class='ocrx_word' id='word_1_240' title='bbox 560 2035 675 2073; x_wconf 79' lang='lat' dir='ltr'>tenuis,</span> <span class='ocrx_word' id='word_1_241' title='bbox 700 2035 822 2075; x_wconf 53' lang='lat' dir='ltr'>inflata.</span> <span class='ocrx_word' id='word_1_242' title='bbox 846 2036 937 2067; x_wconf 80' lang='lat' dir='ltr'>lineis</span> <span class='ocrx_word' id='word_1_243' title='bbox 961 2036 1173 2067; x_wconf 83' lang='lat' dir='ltr'>concentricis</span> <span class='ocrx_word' id='word_1_244' title='bbox 1203 2035 1353 2067; x_wconf 85' lang='lat' dir='ltr'>tenuibus</span> <span class='ocrx_word' id='word_1_245' title='bbox 1382 2036 1513 2068; x_wconf 84' lang='lat' dir='ltr'>elevatis</span> <span class='ocrx_word' id='word_1_246' title='bbox 1537 2037 1703 2071; x_wconf 82' lang='lat' dir='ltr'>instructa,</span> <span class='ocrx_word' id='word_1_247' title='bbox 1726 2036 1809 2067; x_wconf 87' lang='lat' dir='ltr'>linea</span> <span class='ocrx_word' id='word_1_248' title='bbox 1832 2036 1871 2067; x_wconf 84' lang='lat' dir='ltr'>ab</span> <span class='ocrx_word' id='word_1_249' title='bbox 1895 2047 1965 2067; x_wconf 92' lang='lat' dir='ltr'>um-</span> 
     </span>
     <span class='ocr_line' id='line_1_30' title="bbox 114 2090 1966 2133; baseline 0.002 -12"><span class='ocrx_word' id='word_1_250' title='bbox 114 2090 254 2122; x_wconf 85' lang='lat' dir='ltr'>bonibus</span> <span class='ocrx_word' id='word_1_251' title='bbox 277 2091 317 2122; x_wconf 86' lang='lat' dir='ltr'>ad</span> <span class='ocrx_word' id='word_1_252' title='bbox 341 2091 433 2122; x_wconf 84' lang='lat' dir='ltr'>basin</span> <span class='ocrx_word' id='word_1_253' title='bbox 457 2091 586 2131; x_wconf 84' lang='lat' dir='ltr'>oblique</span> <span class='ocrx_word' id='word_1_254' title='bbox 620 2091 805 2122; x_wconf 83' lang='lat' dir='ltr'>decurrente</span> <span class='ocrx_word' id='word_1_255' title='bbox 838 2092 941 2123; x_wconf 88' lang='lat' dir='ltr'>colore</span> <span class='ocrx_word' id='word_1_256' title='bbox 975 2092 1142 2132; x_wconf 75' lang='lat' dir='ltr'>pallidiore</span> <span class='ocrx_word' id='word_1_257' title='bbox 1176 2093 1320 2133; x_wconf 60' lang='lat' dir='ltr'>signata.</span> <span class='ocrx_word' id='word_1_258' title='bbox 1354 2093 1509 2124; x_wconf 80' lang='lat' dir='ltr'>umbones</span> <span class='ocrx_word' id='word_1_259' title='bbox 1542 2093 1673 2124; x_wconf 85' lang='lat' dir='ltr'>tumidi:</span> <span class='ocrx_word' id='word_1_260' title='bbox 1708 2103 1816 2133; x_wconf 79' lang='lat' dir='ltr'>margo</span> <span class='ocrx_word' id='word_1_261' title='bbox 1846 2093 1966 2124; x_wconf 85' lang='lat' dir='ltr'>ventris</span> 
     </span>
     <span class='ocr_line' id='line_1_31' title="bbox 113 2147 414 2188; baseline 0 -10"><span class='ocrx_word' id='word_1_262' title='bbox 113 2147 236 2188; x_wconf 89' lang='lat' dir='ltr'>postice</span> <span class='ocrx_word' id='word_1_263' title='bbox 259 2147 414 2178; x_wconf 86' lang='lat' dir='ltr'>sinuatus.</span> 
     </span>
    </p>

    <p class='ocr_par' dir='ltr' id='par_1_17' title="bbox 270 2202 1274 2245">
     <span class='ocr_line' id='line_1_32' title="bbox 270 2202 1274 2245; baseline 0.002 -12"><span class='ocrx_word' id='word_1_264' title='bbox 270 2202 358 2234; x_wconf 83' lang='lat' dir='ltr'>Mare</span> <span class='ocrx_word' id='word_1_265' title='bbox 380 2203 569 2243; x_wconf 79' lang='lat' dir='ltr'>Japonicum</span> <span class='ocrx_word' id='word_1_266' title='bbox 592 2205 625 2234; x_wconf 89' lang='lat' dir='ltr'>et</span> <span class='ocrx_word' id='word_1_267' title='bbox 648 2203 752 2234; x_wconf 87' lang='lat' dir='ltr'>insula</span> <span class='ocrx_word' id='word_1_268' title='bbox 774 2203 884 2234; x_wconf 90' lang='lat' dir='ltr'>Luzon</span> <span class='ocrx_word' id='word_1_269' title='bbox 910 2204 1012 2244; x_wconf 87' lang='lat' dir='ltr'>(sinus</span> <span class='ocrx_word' id='word_1_270' title='bbox 1036 2203 1075 2234; x_wconf 80' lang='lat' dir='ltr'>ad</span> <span class='ocrx_word' id='word_1_271' title='bbox 1099 2203 1274 2245; x_wconf 55' lang='lat' dir='ltr'>Manilam).</span> 
     </span>
    </p>

    <p class='ocr_par' dir='ltr' id='par_1_18' title="bbox 113 2259 1967 2523">
     <span class='ocr_line' id='line_1_33' title="bbox 269 2259 1965 2301; baseline 0.001 -11"><span class='ocrx_word' id='word_1_272' title='bbox 269 2259 365 2290; x_wconf 85' lang='lat' dir='ltr'>Testa</span> <span class='ocrx_word' id='word_1_273' title='bbox 382 2259 509 2291; x_wconf 30' lang='lat' dir='ltr'>30ffl32</span> <span class='ocrx_word' id='word_1_274' title='bbox 526 2259 601 2290; x_wconf 86' lang='lat' dir='ltr'>mill.</span> <span class='ocrx_word' id='word_1_275' title='bbox 620 2259 723 2299; x_wconf 70' lang='lat' dir='ltr'>longa,</span> <span class='ocrx_word' id='word_1_276' title='bbox 750 2259 875 2289; x_wconf 68' lang='lat'>14—113</span> <span class='ocrx_word' id='word_1_277' title='bbox 899 2260 973 2297; x_wconf 83' lang='lat' dir='ltr'>alta,</span> <span class='ocrx_word' id='word_1_278' title='bbox 1002 2259 1125 2290; x_wconf 73' lang='lat'>13—14</span> <span class='ocrx_word' id='word_1_279' title='bbox 1148 2259 1222 2290; x_wconf 83' lang='lat' dir='ltr'>lata.</span> <span class='ocrx_word' id='word_1_280' title='bbox 1270 2260 1379 2301; x_wconf 80' lang='lat' dir='ltr'>Margo</span> <span class='ocrx_word' id='word_1_281' title='bbox 1396 2261 1480 2292; x_wconf 88' lang='lat' dir='ltr'>dorsi</span> <span class='ocrx_word' id='word_1_282' title='bbox 1497 2261 1637 2292; x_wconf 85' lang='lat' dir='ltr'>anterior</span> <span class='ocrx_word' id='word_1_283' title='bbox 1653 2263 1768 2299; x_wconf 75' lang='lat' dir='ltr'>rectus,</span> <span class='ocrx_word' id='word_1_284' title='bbox 1786 2263 1965 2292; x_wconf 74' lang='lat' dir='ltr'>anti-orsum</span> 
     </span>
     <span class='ocr_line' id='line_1_34' title="bbox 113 2314 1965 2357; baseline 0.001 -11"><span class='ocrx_word' id='word_1_285' title='bbox 113 2314 278 2355; x_wconf 86' lang='lat' dir='ltr'>paululum</span> <span class='ocrx_word' id='word_1_286' title='bbox 312 2315 495 2353; x_wconf 78' lang='lat' dir='ltr'>inclinatus⁷</span> <span class='ocrx_word' id='word_1_287' title='bbox 526 2316 669 2355; x_wconf 81' lang='lat' dir='ltr'>posticus</span> <span class='ocrx_word' id='word_1_288' title='bbox 699 2318 849 2346; x_wconf 86' lang='lat' dir='ltr'>arcuatus</span> <span class='ocrx_word' id='word_1_289' title='bbox 874 2315 904 2346; x_wconf 92' lang='lat' dir='ltr'>in</span> <span class='ocrx_word' id='word_1_290' title='bbox 930 2316 1164 2347; x_wconf 73' lang='lat' dir='ltr'>extremitatem</span> <span class='ocrx_word' id='word_1_291' title='bbox 1198 2317 1353 2357; x_wconf 83' lang='lat' dir='ltr'>posticam</span> <span class='ocrx_word' id='word_1_292' title='bbox 1388 2317 1478 2348; x_wconf 83' lang='lat' dir='ltr'>basin</span> <span class='ocrx_word' id='word_1_293' title='bbox 1502 2328 1610 2348; x_wconf 90' lang='lat' dir='ltr'>versus</span> <span class='ocrx_word' id='word_1_294' title='bbox 1634 2317 1819 2357; x_wconf 85' lang='lat' dir='ltr'>productam</span> <span class='ocrx_word' id='word_1_295' title='bbox 1849 2318 1965 2349; x_wconf 83' lang='lat' dir='ltr'>sensim</span> 
     </span>
     <span class='ocr_line' id='line_1_35' title="bbox 113 2371 1967 2414; baseline 0.001 -12"><span class='ocrx_word' id='word_1_296' title='bbox 113 2371 240 2402; x_wconf 79' lang='lat' dir='ltr'>transit.</span> <span class='ocrx_word' id='word_1_297' title='bbox 285 2371 395 2411; x_wconf 83' lang='lat' dir='ltr'>Margo</span> <span class='ocrx_word' id='word_1_298' title='bbox 418 2371 538 2402; x_wconf 86' lang='lat' dir='ltr'>ventris</span> <span class='ocrx_word' id='word_1_299' title='bbox 561 2371 683 2412; x_wconf 86' lang='lat' dir='ltr'>postice</span> <span class='ocrx_word' id='word_1_300' title='bbox 705 2371 861 2404; x_wconf 79' lang='lat' dir='ltr'>sinuatus,</span> <span class='ocrx_word' id='word_1_301' title='bbox 887 2372 990 2402; x_wconf 82' lang='lat' dir='ltr'>antice</span> <span class='ocrx_word' id='word_1_302' title='bbox 1015 2371 1126 2402; x_wconf 82' lang='lat' dir='ltr'>leviter</span> <span class='ocrx_word' id='word_1_303' title='bbox 1150 2374 1315 2411; x_wconf 76' lang='lat' dir='ltr'>arcuatus3</span> <span class='ocrx_word' id='word_1_304' title='bbox 1340 2383 1412 2413; x_wconf 81' lang='lat' dir='ltr'>pars</span> <span class='ocrx_word' id='word_1_305' title='bbox 1436 2373 1544 2404; x_wconf 82' lang='lat' dir='ltr'>antica</span> <span class='ocrx_word' id='word_1_306' title='bbox 1566 2374 1739 2404; x_wconf 83' lang='lat' dir='ltr'>rotundata</span> <span class='ocrx_word' id='word_1_307' title='bbox 1761 2373 1846 2404; x_wconf 88' lang='lat' dir='ltr'>ultra</span> <span class='ocrx_word' id='word_1_308' title='bbox 1861 2374 1967 2414; x_wconf 82' lang='lat' dir='ltr'>apices</span> 
     </span>
     <span class='ocr_line' id='line_1_36' title="bbox 115 2426 1967 2467; baseline 0 -9"><span class='ocrx_word' id='word_1_309' title='bbox 115 2437 226 2466; x_wconf 87' lang='lat' dir='ltr'>parum</span> <span class='ocrx_word' id='word_1_310' title='bbox 251 2427 385 2458; x_wconf 84' lang='lat' dir='ltr'>excedit.</span> <span class='ocrx_word' id='word_1_311' title='bbox 432 2426 536 2458; x_wconf 70' lang='lat' dir='ltr'>Sti-iae</span> <span class='ocrx_word' id='word_1_312' title='bbox 567 2427 786 2458; x_wconf 81' lang='lat' dir='ltr'>concentricae</span> <span class='ocrx_word' id='word_1_313' title='bbox 809 2427 943 2467; x_wconf 80' lang='lat' dir='ltr'>graciles</span> <span class='ocrx_word' id='word_1_314' title='bbox 967 2428 1126 2458; x_wconf 75' lang='lat' dir='ltr'>distantes</span> <span class='ocrx_word' id='word_1_315' title='bbox 1150 2431 1181 2458; x_wconf 77' lang='lat' dir='ltr'>et</span> <span class='ocrx_word' id='word_1_316' title='bbox 1205 2429 1345 2460; x_wconf 80' lang='lat' dir='ltr'>elevatae</span> <span class='ocrx_word' id='word_1_317' title='bbox 1370 2429 1470 2460; x_wconf 80' lang='lat' dir='ltr'>lineas</span> <span class='ocrx_word' id='word_1_318' title='bbox 1494 2430 1710 2460; x_wconf 82' lang='lat' dir='ltr'>concentricas</span> <span class='ocrx_word' id='word_1_319' title='bbox 1740 2429 1967 2461; x_wconf 71' lang='lat' dir='ltr'>subtilissimas</span> 
     </span>
     <span class='ocr_line' id='line_1_37' title="bbox 114 2482 843 2523; baseline 0 -10"><span class='ocrx_word' id='word_1_320' title='bbox 114 2482 174 2513; x_wconf 87' lang='lat' dir='ltr'>sub</span> <span class='ocrx_word' id='word_1_321' title='bbox 198 2482 280 2514; x_wconf 83' lang='lat' dir='ltr'>vitro</span> <span class='ocrx_word' id='word_1_322' title='bbox 304 2485 431 2514; x_wconf 89' lang='lat' dir='ltr'>tantum</span> <span class='ocrx_word' id='word_1_323' title='bbox 455 2482 643 2523; x_wconf 86' lang='lat' dir='ltr'>conspicuas</span> <span class='ocrx_word' id='word_1_324' title='bbox 667 2483 843 2514; x_wconf 90' lang='lat' dir='ltr'>includunt.</span> 
     </span>
    </p>

    <p class='ocr_par' dir='ltr' id='par_1_19' title="bbox 114 2537 1967 2748">
     <span class='ocr_line' id='line_1_38' title="bbox 269 2537 1965 2582; baseline 0.002 -13"><span class='ocrx_word' id='word_1_325' title='bbox 269 2537 354 2569; x_wconf 84' lang='lat' dir='ltr'>Haec</span> <span class='ocrx_word' id='word_1_326' title='bbox 378 2538 498 2579; x_wconf 86' lang='lat' dir='ltr'>species</span> <span class='ocrx_word' id='word_1_327' title='bbox 521 2538 679 2570; x_wconf 80' lang='lat' dir='ltr'>Modiolae</span> <span class='ocrx_word' id='word_1_328' title='bbox 703 2539 838 2569; x_wconf 82' lang='lat' dir='ltr'>vestitae</span> <span class='ocrx_word' id='word_1_329' title='bbox 861 2538 941 2569; x_wconf 88' lang='lat' dir='ltr'>Phil.</span> <span class='ocrx_word' id='word_1_330' title='bbox 969 2539 1095 2578; x_wconf 78' lang='lat' dir='ltr'>(Enum.</span> <span class='ocrx_word' id='word_1_331' title='bbox 1121 2539 1205 2571; x_wconf 85' lang='lat' dir='ltr'>Moll.</span> <span class='ocrx_word' id='word_1_332' title='bbox 1230 2540 1290 2571; x_wconf 90' lang='lat' dir='ltr'>vol.</span> <span class='ocrx_word' id='word_1_333' title='bbox 1308 2540 1336 2571; x_wconf 80' lang='lat'>2.</span> <span class='ocrx_word' id='word_1_334' title='bbox 1355 2551 1426 2581; x_wconf 85' lang='lat' dir='ltr'>pag.</span> <span class='ocrx_word' id='word_1_335' title='bbox 1444 2541 1493 2571; x_wconf 79' lang='lat'>51.</span> <span class='ocrx_word' id='word_1_336' title='bbox 1512 2540 1588 2572; x_wconf 83' lang='lat' dir='ltr'>Tab.</span> <span class='ocrx_word' id='word_1_337' title='bbox 1615 2542 1662 2572; x_wconf 76' lang='lat'>15.</span> <span class='ocrx_word' id='word_1_338' title='bbox 1687 2541 1739 2582; x_wconf 78' lang='lat' dir='ltr'>fig.</span> <span class='ocrx_word' id='word_1_339' title='bbox 1766 2541 1827 2581; x_wconf 80' lang='lat'>12.)</span> <span class='ocrx_word' id='word_1_340' title='bbox 1851 2541 1965 2579; x_wconf 79' lang='lat' dir='ltr'>affinis.</span> 
     </span>
     <span class='ocr_line' id='line_1_39' title="bbox 114 2593 1967 2638; baseline 0.002 -14"><span class='ocrx_word' id='word_1_341' title='bbox 114 2594 199 2625; x_wconf 85' lang='lat' dir='ltr'>testa</span> <span class='ocrx_word' id='word_1_342' title='bbox 221 2593 351 2634; x_wconf 83' lang='lat' dir='ltr'>paululo</span> <span class='ocrx_word' id='word_1_343' title='bbox 374 2594 525 2634; x_wconf 80' lang='lat' dir='ltr'>longiore,</span> <span class='ocrx_word' id='word_1_344' title='bbox 550 2594 702 2632; x_wconf 83' lang='lat' dir='ltr'>tenuiore,</span> <span class='ocrx_word' id='word_1_345' title='bbox 727 2605 835 2634; x_wconf 87' lang='lat' dir='ltr'>parum</span> <span class='ocrx_word' id='word_1_346' title='bbox 861 2594 1059 2635; x_wconf 69' lang='lat' dir='ltr'>splendente.</span> <span class='ocrx_word' id='word_1_347' title='bbox 1097 2596 1287 2636; x_wconf 84' lang='lat' dir='ltr'>epidermide</span> <span class='ocrx_word' id='word_1_348' title='bbox 1319 2596 1482 2636; x_wconf 78' lang='lat' dir='ltr'>pallidiore</span> <span class='ocrx_word' id='word_1_349' title='bbox 1512 2597 1613 2628; x_wconf 84' lang='lat' dir='ltr'>forma</span> <span class='ocrx_word' id='word_1_350' title='bbox 1646 2598 1811 2638; x_wconf 86' lang='lat' dir='ltr'>graciliore</span> <span class='ocrx_word' id='word_1_351' title='bbox 1846 2598 1967 2638; x_wconf 62' lang='lat' dir='ltr'>postico,</span> 
     </span>
     <span class='ocr_line' id='line_1_40' title="bbox 116 2649 1967 2693; baseline 0.001 -13"><span class='ocrx_word' id='word_1_352' title='bbox 116 2649 217 2689; x_wconf 82' lang='lat' dir='ltr'>magis</span> <span class='ocrx_word' id='word_1_353' title='bbox 234 2650 398 2690; x_wconf 85' lang='lat' dir='ltr'>producta,</span> <span class='ocrx_word' id='word_1_354' title='bbox 422 2650 617 2681; x_wconf 87' lang='lat' dir='ltr'>umbonibus</span> <span class='ocrx_word' id='word_1_355' title='bbox 639 2650 816 2681; x_wconf 86' lang='lat' dir='ltr'>minoribus</span> <span class='ocrx_word' id='word_1_356' title='bbox 836 2650 987 2690; x_wconf 82' lang='lat' dir='ltr'>striisque</span> <span class='ocrx_word' id='word_1_357' title='bbox 1004 2652 1214 2683; x_wconf 85' lang='lat' dir='ltr'>concentricis</span> <span class='ocrx_word' id='word_1_358' title='bbox 1230 2652 1362 2684; x_wconf 83' lang='lat' dir='ltr'>elevatis</span> <span class='ocrx_word' id='word_1_359' title='bbox 1378 2653 1491 2684; x_wconf 82' lang='lat' dir='ltr'>differt.</span> <span class='ocrx_word' id='word_1_360' title='bbox 1539 2653 1704 2685; x_wconf 78' lang='lat' dir='ltr'>Praeterea</span> <span class='ocrx_word' id='word_1_361' title='bbox 1722 2656 1830 2685; x_wconf 73' lang='lat' dir='ltr'>nostra</span> <span class='ocrx_word' id='word_1_362' title='bbox 1846 2654 1967 2693; x_wconf 66' lang='lat' dir='ltr'>species</span> 
     </span>
     <span class='ocr_line' id='line_1_41' title="bbox 114 2705 1597 2748; baseline 0.003 -13"><span class='ocrx_word' id='word_1_363' title='bbox 114 2706 300 2745; x_wconf 85' lang='lat' dir='ltr'>tegumento</span> <span class='ocrx_word' id='word_1_364' title='bbox 323 2708 514 2745; x_wconf 73' lang='lat' dir='ltr'>tomentoso,</span> <span class='ocrx_word' id='word_1_365' title='bbox 539 2706 623 2746; x_wconf 82' lang='lat' dir='ltr'>quod</span> <span class='ocrx_word' id='word_1_366' title='bbox 647 2705 817 2737; x_wconf 86' lang='lat' dir='ltr'>Modiolam</span> <span class='ocrx_word' id='word_1_367' title='bbox 842 2706 991 2738; x_wconf 82' lang='lat' dir='ltr'>vestitam</span> <span class='ocrx_word' id='word_1_368' title='bbox 1017 2707 1161 2747; x_wconf 70' lang='lat' dir='ltr'>involvit,</span> <span class='ocrx_word' id='word_1_369' title='bbox 1186 2719 1314 2748; x_wconf 82' lang='lat' dir='ltr'>prorsus</span> <span class='ocrx_word' id='word_1_370' title='bbox 1338 2719 1442 2740; x_wconf 80' lang='lat' dir='ltr'>carere</span> <span class='ocrx_word' id='word_1_371' title='bbox 1466 2709 1597 2740; x_wconf 87' lang='lat' dir='ltr'>videtur.</span> 
     </span>
    </p>
   </div>
  </div>
 </body>
</html>
