2379 3382
878 260 1113 292 -189—

718 345 883 378 Tellina
911 356 1035 386 perna
1066 345 1276 386 Spengler.

277 415 317 441 De
336 414 488 448 synonymis
508 415 574 440 conf.
595 413 728 447 Hanley
754 413 874 446 Monogr.
894 414 921 439 in
941 413 1018 439 Thes.
1039 413 1136 439 Cone-h.
1156 413 1206 439 vol.
1229 413 1250 439 1,
1270 421 1330 446 pag.
1353 413 1408 439 236.

226 466 355 499 Concha
377 467 500 507 pictura
523 468 555 497 et
584 466 687 497 colore
718 465 890 497 variabilis.
944 465 1030 496 Inter
1060 465 1214 496 Mollusca
1248 467 1357 496 nostra
1386 466 1541 507 Japonica
1571 469 1728 508 specimen
1758 469 1917 500 rufescens

71 523 144 555 albo
176 523 336 554 radiatum
370 524 484 553 exstat.
530 521 722 552 Varieta'tem
753 521 850 552 radiis
878 521 1035 552 aui-antiis
1062 521 1166 551 vivide
1194 521 1317 561 pictam
1347 521 1418 552 clar.
1451 521 1544 552 Desh.
1577 522 1729 554 Tellinam
1760 526 1917 564 egregiam

74 579 253 610 nominavit
275 578 364 610 Proc.
388 577 474 608 Zool.
499 576 570 609 Soc.
596 576 687 608 1854.
712 576 882 617 pag..366.

225 633 351 665 Insulae
375 632 586 674 Philippinae,
610 631 691 663 Java
713 633 773 663 etc.

715 717 881 749 Tellina
908 717 1095 748 vulsella
1117 716 1276 748 Chemn.

277 785 414 812 Tellina
433 787 594 811 rostrata
612 793 669 811 seu
689 784 842 811 vulsella
861 784 958 810 Conch.
979 784 1140 811 Cab.vol.6.
1161 793 1227 818 pag.
1244 785 1300 810 113.
1321 785 1436 812 Tab.11.
1457 787 1500 819 fig.
1518 787 1572 812 105.
1609 786 1746 813 Tellina
1766 791 1919 814 rostrata

329 828 431 855 Gmel.
451 836 498 854 nec
516 828 582 854 Lin.
602 827 712 853 Reeve
732 827 829 853 Conch.
848 827 914 853 icon.
934 835 1002 861 spec.
1023 827 1063 854 56.
1100 827 1245 853 Lischke
1265 828 1324 862 Jap.
1345 829 1378 855 M.
1399 829 1495 855 Conch.
1515 829 1565 855 vol.
1584 829 1607 856 2.
1628 838 1687 863 pag.
1710 831 1764 857 113.

228 890 302 921 Tria
325 890 498 930 specimina
521 889 624 920 vivide
647 900 738 920 rosea
761 891 792 920 et
813 899 913 919 unum
939 888 1046 919 album
1070 888 1266 921 umbonibus
1290 890 1449 921 subi-oseis
1473 892 1610 921 exstant

641 974 809 1005 Tellina
835 973 1117 1014 pulcherrima
1146 974 1349 1015 Sowerby.

277 1034 378 1061 Tank.
398 1034 457 1061 Cat.
477 1035 543 1068 App.
565 1041 625 1068 pag.
646 1034 669 1060 3.
689 1033 754 1059 Tab.
776 1035 796 1059 1.
816 1034 860 1066 fig.
883 1033 904 1060 1.
941 1033 1080 1067 Hanley
1102 1033 1179 1061 Thes.
1200 1034 1297 1060 Conch.
1317 1034 1367 1060 vol.
1389 1035 1409 1061 l.
1429 1043 1490 1068 pag.
1510 1035 1567 1061 ¹226.

230 1087 359 1128 Species
382 1088 464 1119 inier
487 1087 641 1118 Tellinam
665 1086 871 1127 asperrimam
895 1088 926 1118 et
949 1086 1112 1118 rastellum
1136 1087 1272 1128 Hanleyi
1296 1088 1386 1128 quasi
1411 1087 1608 1126 intermedia,
1631 1089 1671 1119 ab
1695 1088 1754 1120 hac
1782 1091 1921 1130 squamis

72 1143 184 1175 erectis
207 1154 246 1174 ex
271 1145 360 1184 parte
383 1143 541 1184 spiniferis
571 1143 709 1174 anticam
743 1153 869 1183 quoque
901 1144 1024 1182 partem
1055 1144 1159 1174 testae
1189 1143 1384 1182 immitibus,
1416 1144 1455 1175 ab
1487 1144 1541 1174 illa
1572 1155 1643 1175 vero
1675 1156 1747 1176 area
1777 1146 1921 1177 mediana

71 1199 214 1240 squamis
239 1202 365 1230 carente
388 1199 466 1230 satis
490 1199 614 1230 diversa
638 1201 694 1230 est.

225 1254 391 1296 Specimen
416 1255 560 1286 illaesum
583 1257 698 1286 exstat.
745 1254 867 1286 Pariter
890 1255 922 1286 in
946 1255 1061 1286 insulis
1085 1254 1276 1295 Philippinis
1300 1254 1439 1286 obvenit.

746 1340 911 1372 Tellina
939 1344 1055 1373 secta
1082 1340 1253 1372 Conrad.

279 1407 371 1434 Journ.
391 1407 473 1434 Acad.
493 1407 556 1434 Nat.
579 1410 634 1434 Soc.
656 1408 725 1434 Phil.
746 1409 796 1434 vol.
816 1409 838 1435 7.
859 1416 920 1442 pag.
940 1408 964 1435 2.
985 1409 1058 1435 1837.
1085 1417 1146 1442 pag.
1174 1409 1232 1434 257.
1276 1408 1410 1442 Hanley
1435 1408 1512 1435 Thes.
1532 1408 1628 1435 Conch.
1653 1410 1703 1435 vol.
1730 1410 1750 1435 1.
1775 1417 1835 1443 pag.
1863 1409 1920 1436 327.

329 1451 373 1484 fig.
393 1451 450 1477 ⁵245.
471 1451 527 1477 248.
565 1451 724 1485 Philippi
743 1450 810 1477 Abb.
832 1451 880 1477 vol.
902 1453 924 1476 1.
944 1459 1004 1485 pag.
1025 1451 1067 1477 90.
1103 1451 1207 1477 Tellina
1232 1451 1295 1478 Tab.
1325 1452 1349 1478 4.
1374 1452 1419 1485 fig.
1447 1452 1470 1477 2.
1516 1452 1658 1478 Tellina
1685 1452 1921 1485 ligamentina

327 1496 361 1519 et
379 1493 550 1528 Japonica
568 1493 666 1520 Desh.
704 1493 776 1520 Cous.
796 1494 944 1520 Lischke
963 1495 1023 1529 Jap.
1050 1495 1084 1521 M.
1106 1495 1205 1521 Conch.
1224 1495 1274 1522 vol.
1295 1496 1318 1521 3.
1338 1503 1399 1529 pag.
1419 1495 1459 1522 96.

224 1545 352 1587 Species
375 1546 438 1578 late
462 1547 602 1587 dispersa
635 1557 690 1588 pro
724 1549 829 1578 aetate
860 1549 892 1578 et
924 1547 1028 1588 patria
1058 1547 1173 1578 habitu
1205 1547 1256 1578 vel
1286 1547 1380 1579 lineis
1411 1549 1560 1580 extremis
1591 1548 1829 1589 umbonumque
1859 1550 1922 1581 situ

71 1601 242 1632 admodum
266 1602 437 1633 variabilis.

226 1656 394 1698 Specimen
416 1659 590 1689 maximum
614 1658 698 1698 quod
724 1660 830 1689 exstat
853 1658 895 1690 50
911 1659 986 1690 mill.
1010 1659 1151 1699 longum,
1176 1659 1216 1690 32
1239 1659 1339 1690 altum
1364 1661 1420 1691 est.
1466 1659 1563 1691 'resfa
1587 1661 1782 1692 collectionis
1797 1664 1923 1693 nostrae

71 1712 222 1754 gigantea
246 1713 462 1745 Californiana
485 1714 526 1745 70
541 1714 617 1745 mill.
636 1717 761 1754 aequat.
807 1714 842 1745 In
859 1726 923 1746 uno
941 1716 1112 1756 specimine
1130 1715 1332 1756 epidermidis
1348 1716 1505 1756 particula
1521 1717 1646 1748 residua
1662 1718 1801 1758 conspici
1818 1720 1923 1759 potest

74 1779 197 1803 cornea,
221 1769 402 1807 tenerrima,
426 1769 548 1810 fragilis
571 1771 603 1800 ef
627 1769 755 1801 caduca.

227 1823 308 1856 Clar.
335 1824 366 1857 S.
391 1825 514 1866 Hanley
536 1825 619 1857 hanc
642 1827 779 1867 speciem
803 1826 933 1858 uberius
956 1828 1109 1858 tractavit
1131 1827 1151 1858 l.
1177 1838 1203 1858 e.
1249 1828 1333 1860 Icon.
1352 1828 1424 1860 245.
1449 1828 1605 1868 duplicem
1622 1828 1753 1860 exhibet
1773 1830 1921 1862 carinam.

715 1912 882 1943 Tellina
911 1915 1113 1944 truncata
1140 1913 1277 1945 Jonas.

276 1971 433 2005 Philippi
453 1970 520 1997 Abb.
541 1970 590 1997 vol.
613 1971 632 1997 l.
652 1979 714 2005 pag.
735 1972 774 1997 71.
813 1971 919 1997 Tellina
947 1972 1014 1998 Tab.
1036 1974 1056 1999 1.
1082 1973 1126 2006 fig.
1146 1972 1169 1999 2.
1213 1973 1350 2007 Hanley
1377 1974 1403 1999 in
1429 1973 1506 2000 Thes.
1533 1973 1629 2000 Conch.
1655 1974 1704 2001 vol.
1732 1976 1752 2001 1.
1778 1983 1838 2009 pag.
1863 1975 1919 2002 325.

327 2013 390 2040 Tab.
410 2013 450 2040 62.
470 2013 514 2047 fig.
537 2013 591 2040 198.
630 2013 739 2039 Reeve
758 2014 856 2040 Couch.
878 2015 944 2041 icon.
982 2015 1087 2041 Tellina
1105 2024 1174 2050 spec.
1195 2016 1236 2042 33.

230 2066 396 2108 Specimen
419 2067 608 2108 Japonicum
632 2069 740 2098 exstat
763 2066 954 2099 Sinensibus
978 2079 996 2099 a
1018 2068 1114 2100 beato
1137 2068 1236 2100 Jonas
1260 2069 1421 2109 quondam
1445 2071 1584 2111 acceptis
1606 2072 1809 2112 respondens.

574 2152 743 2184 Tellina
774 2152 955 2184 Galassea
985 2154 1088 2186 Lam.
1122 2154 1419 2197 (Psammobia).

274 2219 360 2246 Anim.
380 2226 442 2245 sans
461 2221 527 2246 vert.
547 2220 598 2246 vol.
619 2221 641 2246 6.
662 2228 723 2254 pag.
747 2221 802 2246 173.
821 2232 855 2244 =
876 2220 1016 2247 Tcllina
1035 2223 1191 2248 sericina
1210 2222 1310 2249 Jonas
1330 2224 1356 2249 in
1377 2223 1462 2250 Phil.
1489 2224 1555 2251 Abb.
1576 2224 1626 2250 vol.
1645 2225 1666 2250 1.
1686 2225 1796 2258 pag.71.
1817 2224 1922 2250 Tellina

327 2261 392 2288 Tab.
414 2263 434 2288 1.
454 2262 499 2295 fig.
520 2263 541 2288 1.

223 2313 390 2355 Specimen
414 2315 519 2346 minus
542 2316 641 2347 adest.
689 2316 787 2357 (Mare
812 2316 993 2358 Chinense).

663 2401 832 2433 Tellina
864 2403 1079 2444 diaphana
1107 2404 1327 2446 Deshayes.

275 2467 350 2493 Proc.
370 2467 440 2493 Zool.
460 2467 517 2494 Soc.
539 2467 613 2494 1854.
633 2477 694 2502 pag.
714 2468 772 2495 364.
809 2469 918 2495 Reeve
939 2470 1037 2497 Coneh.
1057 2471 1116 2498 icon
1138 2471 1243 2498 Tellina
1262 2480 1330 2506 spec.
1350 2472 1408 2499 302.
1446 2472 1597 2499 Lischke
1616 2473 1675 2506 Jap.
1695 2473 1728 2499 M.
1749 2473 1845 2500 conch.
1871 2472 1920 2498 vol.

325 2510 348 2536 2.
369 2518 430 2544 pag.
453 2511 507 2537 113.

223 2561 308 2593 Haec
331 2564 416 2594 testa
439 2573 457 2594 a
480 2562 602 2594 Tellina
625 2564 774 2604 capsoide
797 2564 978 2596 Lamarckii
1002 2566 1157 2607 imprimis
1180 2569 1305 2599 statura
1327 2568 1449 2600 minore
1464 2569 1566 2610 magis
1583 2572 1672 2601 curta
1688 2571 1720 2600 et
1734 2569 1922 2609 triangulari

69 2615 228 2657 sulcisque
244 2618 446 2650 radiantibus
462 2619 516 2650 vix
533 2620 714 2660 conspicuis·
738 2620 865 2661 quidem
889 2621 1023 2659 diversa,
1047 2625 1156 2654 tamen
1180 2624 1318 2655 varietas
1341 2625 1468 2656 tantum
1491 2625 1595 2657 minor
1610 2625 1725 2665 speciei
1741 2625 1922 2656 Lamarcki-

69 2682 149 2704 anae
172 2683 241 2704 esse
264 2673 399 2714 videtur,
423 2685 494 2706 cum
519 2677 615 2706 notae
638 2675 754 2707 allatae
778 2676 873 2708 nimis
896 2677 981 2708 leves
1005 2678 1071 2709 sint
1099 2681 1130 2709 et
1156 2679 1302 2720 exiguae,
1324 2682 1362 2710 ut
1389 2691 1445 2721 pro
1469 2681 1572 2722 specie
1594 2681 1732 2721 genuina
1757 2680 1919 2711 habeatur.
