2379 3382
879 281 920 285 -
967 262 1113 294 153—-

861 351 1133 398 Dentaliacea.

772 452 895 486 Genus
917 450 1130 486 Dentalium
1153 450 1232 485 Lin.

693 530 931 562 Dentalium
963 529 1162 561 Vernedei
1192 529 1304 561 Hanl.

284 597 440 632 Sowerby
459 598 536 624 Thes.
557 598 652 624 Conch.
672 597 722 624 vol.
741 598 764 624 3.
784 604 846 632 p'ag.
868 598 925 624 101.
945 598 990 630 fig.
1009 597 1033 624 3.

232 659 302 691 Duo
325 659 498 700 specimina
520 659 645 700 integra
667 659 793 690 adsunt.

233 714 329 746 Testa
351 725 523 755 permagna
545 725 659 753 crassa,
685 715 805 746 modice
829 715 968 752 arcuata,
999 714 1142 745 unicolor
1165 713 1313 751 eburnea,
1337 712 1385 744 vel
1408 713 1514 744 fasciis
1536 713 1778 745 flavescentibus
1801 713 1918 754 passim

80 771 194 809 cincta,
226 770 365 802 costellis
395 770 537 811 plurimis
561 770 668 802 densis
691 770 877 811 aequalibus
908 769 1182 810 plano-convexis,
1206 769 1327 810 apicem
1350 780 1459 800 versus
1482 769 1702 809 inaequalibus
1725 769 1825 809 magis
1849 779 1918 809 pro-

79 825 278 857 minentibus
301 825 442 866 undique
457 826 583 867 sculpta
606 825 755 867 striisque
777 826 967 857 transversis
990 825 1178 864 cancellata3
1202 825 1315 856 fissura
1332 825 1490 865 perlonga.
1508 842 1548 845 —-
1565 824 1626 856 Alt.
1647 825 1706 856 133
1722 824 1807 863 mill.,
1825 825 1917 856 diam.

80 892 165 913 max.
191 881 230 912 15
255 881 331 912 mill.

234 936 417 968 Dentalium
451 937 570 977 grande
600 937 693 968 Desh.
725 936 817 968 Mem.
849 938 914 968 nat.
940 937 1009 968 Par.
1040 947 1111 977 pag.
1143 936 1214 968 365.
1247 935 1323 967 Tab.
1350 937 1398 967 17.
1422 936 1474 977 fig.
1501 936 1591 967 1—3.
1616 947 1632 967 e
1655 936 1763 968 stratis
1798 935 1920 967 telluris

81 992 243 1024 tertiariae
266 1003 362 1033 prope
385 992 528 1033 Grignon
552 992 579 1024 si
602 1003 664 1024 non
688 993 796 1024 eadem
820 992 950 1033 species,
974 994 1059 1024 certe
1081 992 1250 1023 admodum
1274 991 1388 1023 affinis.

688 1078 917 1110 Dentalium
947 1078 1195 1119 Japonieum
1226 1078 1316 1109 Dkr.

841 1146 905 1173 Tab.
924 1147 1017 1172 nostra
1036 1147 1058 1173 5.
1077 1145 1123 1179 fig.
1142 1145 1165 1172 2.

290 1188 388 1215 Malak.
409 1188 448 1215 Bl.
468 1188 518 1215 vol.
537 1188 578 1216 24.
597 1196 658 1222 pag.
678 1189 718 1216 68.

238 1249 333 1281 Testa
348 1249 449 1281 solida
465 1249 538 1281 alba
553 1250 675 1291 apicem
692 1261 800 1282 versus
816 1250 998 1290 flavescens,
1022 1261 1134 1291 parum
1156 1251 1296 1288 arcuata,
1322 1249 1419 1280 costis
1442 1249 1556 1280 crassis
1579 1248 1718 1289 septenis
1734 1248 1783 1279 vel
1801 1249 1924 1280 octonis

82 1305 279 1346 costulisque
313 1305 509 1346 interpositis
544 1305 711 1344 instructa,
745 1307 950 1338 transversim
984 1307 1113 1346 striata3
1144 1317 1225 1347 apex
1256 1306 1379 1346 integer
1401 1305 1630 1336 crassiusculus
1662 1305 1776 1336 fissura
1797 1315 1925 1345 prorsus

83 1372 202 1393 carens.
226 1379 268 1383 —
290 1361 353 1392 Alt.
378 1361 418 1392 72
441 1361 528 1400 mill.,
552 1361 644 1393 diam.
669 1362 688 1393 6
713 1362 787 1393 mill.

238 1417 324 1449 Haec
347 1417 466 1458 species
489 1417 636 1449 Dentalio
659 1417 782 1449 Javano
805 1417 888 1449 Sow.
914 1417 1018 1459 (Thes.
1043 1417 1161 1449 Conch.
1188 1417 1246 1449 vol.
1271 1417 1299 1449 3.
1325 1428 1395 1458 pag.
1422 1416 1491 1447 102.
1516 1416 1592 1447 Tab.
1620 1417 1646 1447 1.
1670 1416 1722 1457 fig.
1748 1415 1810 1456 12.)
1840 1416 1925 1447 haud

85 1473 256 1512 dissimilis,
287 1473 400 1504 habitu
430 1473 604 1514 graciliore,
636 1473 830 1515 costulisque
864 1473 1060 1514 interpositis
1091 1473 1215 1511 crassis,
1245 1473 1376 1504 omnino
1408 1472 1571 1512 sculptura
1599 1472 1700 1512 magis
1729 1472 1925 1513 prominente

84 1528 176 1560 facile
199 1530 415 1570 distinguitur.
461 1529 642 1560 Dentalium
666 1532 859 1570 octogonum
883 1530 983 1560 multo
1008 1530 1112 1561 minus
1136 1529 1238 1570 magis
1261 1531 1425 1560 arcuatum
1449 1530 1505 1560 est.

653 1601 656 1603 ’
686 1615 923 1648 Dentaiium
955 1614 1209 1647 Weinkauffi
1239 1614 1327 1645 Dkr.

844 1683 908 1710 Tab.
928 1685 1021 1709 nostra
1040 1683 1062 1709 5.
1083 1682 1128 1715 fig.
1151 1683 1171 1709 1.

293 1726 391 1753 Malak.
412 1726 451 1753 Bl.
471 1727 521 1753 vol.
541 1726 581 1754 24.
601 1734 662 1760 pag.
682 1727 721 1754 68.

240 1787 336 1819 Testa
359 1787 535 1819 maiuscula
558 1799 673 1827 crassa,
698 1788 848 1826 eburnea,
872 1787 1045 1826 monetula,
1069 1797 1203 1828 superne
1234 1785 1366 1818 costulis
1395 1785 1568 1826 perspicuis
1593 1785 1814 1826 inaequalibus
1837 1785 1927 1816 basin

85 1854 196 1874 versus
223 1844 340 1875 sensim
368 1844 631 1876 evanescentibus
654 1845 824 1884 instructa3
854 1855 935 1885 apex
958 1843 1084 1884 gracilis
1106 1843 1220 1874 fissura
1243 1853 1340 1883 parva
1362 1842 1516 1882 signatus.
1541 1859 1583 1863 ——
1608 1841 1669 1872 Alt.
1693 1841 1818 1872 86—87
1842 1840 1928 1879 mill.,

86 1899 180 1930 diam.
205 1899 225 1930 8
248 1900 324 1931 mill.

240 1956 331 1987 Hanc
361 1957 507 1998 speciem,
538 1967 619 1998 quae
649 1956 831 1987 Dentalium
863 1955 1069 1988 Tarentinum
1103 1955 1210 1996 aliquo
1242 1954 1334 1985 modo
1360 1954 1391 1984 in
1414 1956 1553 1985 mentem
1583 1955 1720 1991 revocat,
1749 1952 1834 1993 quod
1856 1963 1928 1984 vero

86 2012 188 2043 multo
211 2013 317 2043 minus
341 2014 398 2051 est,
422 2012 537 2044 nullibi
562 2013 754 2053 descriptam
778 2014 835 2043 aut
858 2012 1015 2053 depictam
1037 2012 1154 2042 inveni.

243 2068 324 2100 Clar.
353 2068 489 2100 Henrico
518 2069 708 2107 Weinkauff,
739 2068 963 2100 Molluscorum
987 2068 1083 2099 maris
1106 2066 1327 2099 Mediterranei
1358 2065 1568 2097 scientissimo
1593 2064 1739 2104 scriptori
1762 2064 1822 2095 hoc
1846 2064 1929 2095 Den-

88 2123 200 2155 talium
224 2124 406 2156 dedicatum
428 2127 485 2156 est.

688 2193 927 2224 Dentalium
957 2195 1205 2233 octogonum
1236 2191 1333 2223 Lam.

295 2261 403 2286 Reeve
423 2261 519 2288 Conch.
539 2262 604 2295 syst.
624 2261 674 2288 vol.
686 2261 708 2288 2.
728 2261 792 2287 Tab.
812 2261 851 2287 36.
870 2261 915 2294 fig.
935 2260 957 2287 8.
978 2261 1037 2286 icon
1054 2260 1132 2286 bona.
1162 2259 1318 2292 Sowerby
1338 2258 1414 2285 Thes
1429 2257 1586 2284 (3011011.νο1.
1601 2258 1624 2284 3.
1638 2266 1698 2292 pag.
1714 2257 1769 2284 162.
1783 2256 1827 2291 fig.
1844 2257 1868 2283 9.
1882 2258 1931 2283 etc.

244 2321 425 2363 Specimina
447 2323 538 2364 plura
560 2325 689 2354 exstant
713 2325 870 2354 costarum
894 2333 1024 2353 numero
1041 2321 1216 2359 variabilia,
1234 2322 1372 2352 ceterum
1388 2320 1481 2361 plane
1497 2319 1713 2360 congruentia.
1753 2318 1932 2360 Specimina

89 2379 187 2411 costis
210 2379 351 2420 septenis
375 2379 532 2411 instructa
555 2379 627 2410 clar.
651 2378 787 2410 Lischke
811 2389 881 2410 cum
904 2378 1052 2410 Dentalio
1075 2377 1243 2418 hexagono
1265 2376 1440 2417 conjunxit.
1487 2376 1529 2407 At
1545 2386 1617 2407 vero
1634 2375 1716 2407 inter
1731 2375 1809 2406 haec
1824 2376 1932 2406 nostra

89 2435 264 2475 specimina
279 2446 378 2466 unum
396 2437 478 2467 certe
494 2435 660 2466 inventum
676 2437 733 2473 est,
750 2434 835 2475 quod
853 2436 957 2465 costas
975 2444 1087 2465 novem
1104 2433 1253 2470 ostendit,
1277 2433 1459 2472 ceteroquin
1476 2431 1606 2472 reliquis
1622 2431 1714 2472 plane
1731 2431 1932 2472 respondens.

91 2491 258 2523 Praeterea
289 2503 381 2524 nemo
411 2494 506 2532 neget
536 2491 731 2522 differentias
764 2490 925 2531 graviores
955 2490 1037 2521 inter
1065 2489 1214 2521 Dentalia
1247 2491 1439 2529 octogonum
1471 2490 1503 2519 et
1531 2487 1744 2528 hexagonum,
1776 2488 1802 2518 si
1826 2497 1934 2518 eorum

91 2560 240 2581 numerus
264 2559 328 2580 non
352 2548 527 2589 respicitur,
551 2547 606 2588 qui
629 2549 677 2579 est
699 2546 870 2584 variabilis,
894 2557 958 2578 non
981 2548 1136 2583 constare,
1161 2557 1224 2586 qua
1240 2545 1277 2576 de
1294 2555 1389 2576 causa
1412 2544 1559 2575 Dentalia
1581 2545 1774 2583 octogonum
1790 2544 1822 2574 et
1838 2542 1935 2574 hexa—

91 2616 210 2646 gonum
239 2605 318 2636 mihi
349 2604 462 2636 saltem
485 2603 525 2635 ad
549 2614 646 2635 unam
679 2603 874 2644 eandemque
907 2603 1043 2643 speciem
1074 2601 1230 2642 pertinere
1262 2602 1418 2632 videntur.
1471 2600 1587 2631 Eodem
1622 2599 1715 2630 modo
1749 2598 1933 2630 crediderim

91 2662 211 2693 incolas
235 2661 346 2693 harum
362 2662 517 2692 testarum
534 2659 615 2690 veris
632 2659 818 2691 differentiis
835 2658 1078 2699 distinguendos
1095 2669 1158 2689 non
1174 2668 1252 2695 esse,
1270 2657 1296 2688 si
1312 2668 1365 2688 eos
1382 2655 1584 2687 examinandi
1601 2655 1676 2686 data
1691 2654 1786 2686 fuerit
1801 2655 1933 2686 occasio.

171 2725 288 2758 Dunker,
308 2725 380 2751 Moll.
401 2724 460 2758 Jap.
479 2732 544 2751 mar.
1639 2710 1680 2742 2Ο
