2379 3382
891 260 1101 291 —79-

653 345 900 377 Turbonilla
933 345 1208 386 multigyrata
1241 346 1330 377 Dkr.

509 413 574 440 Tab.
594 414 686 439 nostra
708 413 746 439 13.
766 412 811 446 fig.
833 412 871 438 18.
894 413 932 439 19.
952 421 1042 446 magn,
1061 414 1149 440 aucta.
1169 413 1213 446 fig.
1233 413 1274 439 20.
1293 422 1326 440 m.
1346 414 1472 440 naturali.

225 474 320 505 Testa
343 474 469 514 gracilis
492 474 786 511 turrito-subulam,
812 473 924 511 lactea,
948 473 1060 512 nitida,
1084 473 1252 514 pellucida,
1276 474 1475 506 anfractibus
1500 475 1624 506 17——18
1641 476 1790 508 convexis
1807 479 1917 508 sutura

66 529 225 571 profunda
259 529 421 569 sejunctis,
458 530 491 560 in
525 529 758 570 longitudinem
798 529 989 570 suboblique
1027 530 1159 561 costatis
1193 530 1366 569 instructa3
1407 533 1555 571 apertura
1587 532 1913 566 ovato-subrotunda:

69 585 237 617 columella
259 587 362 617 reeta:
386 596 466 626 apex
490 585 539 616 vel
562 585 694 616 nucleus
718 585 838 616 vitreus
861 585 1037 625 resupinus.

218 641 304 672 Haec
326 641 458 681 species,
483 641 607 671 16—17
631 640 706 672 mill.
732 641 835 681 longa,
861 641 1082 681 magnitudine
1106 643 1137 672 et
1160 641 1366 672 anfractuum
1390 652 1520 672 numero
1551 643 1651 673 multo
1679 643 1795 684 majore
1818 655 1912 684 quam

65 696 99 727 in
122 707 236 737 genere
259 697 349 735 solet,
372 696 508 737 insignis
531 698 588 728 est.

222 752 309 784 Inter
332 763 441 784 omnes
464 752 666 784 Turbonillas
688 751 767 782 mihi
790 753 885 782 notas
909 750 1028 781 nullam
1052 750 1194 781 invenire
1216 750 1306 791 polui
1329 753 1456 782 nostrae
1478 751 1729 792 responden‘sem.

220 820 387 852 Praeterea
417 820 499 852 Clar.
531 820 649 852 Adams
678 820 711 850 in
743 820 824 850 Ann.
862 819 924 850 and
947 819 1030 859 Mag.
1056 819 1091 851 of
1110 819 1183 850 Nat.
1207 819 1288 851 Hist.
1317 819 1399 851 1860
1420 831 1492 861 pag.
1516 820 1579 851 418
1602 821 1815 861 septendecim
1839 822 1915 854 Tur-

65 875 259 908 bonillarum
283 877 403 918 species
426 876 531 916 palam
554 875 639 912 fecit,
663 876 695 906 in
719 875 799 907 freto
823 875 965 907 Coreano
988 875 1098 907 aliisve
1127 875 1223 906 maris
1245 875 1392 916 Japonici
1415 875 1493 907 locis
1515 875 1679 917 profundis
1702 880 1820 917 captas.

219 961 303 994 Sunt
324 963 454 995 haecce:

680 1016 930 1048 Turbonilla
963 1015 1146 1056 perfecta
1177 1015 1212 1046 A.
1243 1015 1308 1047 Ad.

219 1073 347 1106 Fretum
371 1073 547 1106 Coreanum
572 1083 669 1114 prope
691 1072 909 1104 Mino-shima.

691 1140 943 1173 Turbonilla
975 1139 1127 1171 eximia
1157 1140 1192 1171 A.
1222 1140 1285 1172 Ad.

221 1198 336 1230 Portus
360 1197 497 1230 Chosan.

664 1266 915 1297 Turbonilla
945 1265 1167 1297 venustula
1196 1265 1233 1296 A.
1263 1265 1327 1296 Ad.

218 1323 332 1355 Portus
355 1322 492 1354 Chosan.

648 1390 888 1422 Turbonilla
920 1389 1152 1422 macilenta
1183 1390 1221 1422 A.
1252 1390 1320 1422 Ad.

217 1448 332 1479 Portus
354 1447 540 1479 Hamiltoni.

649 1515 894 1547 Turbonilla
923 1514 1165 1555 monocycla
1194 1515 1230 1546 A.
1261 1515 1326 1547 Ad.

218 1571 437 1604 Mino-shima.

699 1639 941 1671 Turbonilla
972 1639 1108 1671 nitida
1138 1639 1173 1670 A.
1198 1639 1263 1671 Ad.

216 1696 433 1728 Mino-shima.

662 1763 909 1796 Tul-bouilla
941 1764 1147 1795 commoda
1177 1763 1213 1795 A.
1244 1763 1306 1795 Ad.

216 1820 408 1853 Tsn—shima.

658 1888 902 1920 Tui-bouilla
926 1889 1143 1929 sculptilis
1177 1889 1213 1920 A.
1246 1890 1311 1921 Ad.

214 1945 407 1977 Tsu-shima.

676 2012 931 2044 Turbonilla
966 2013 1135 2053 fragilis
1167 2014 1202 2045 A.
1228 2014 1290 2045 Ad.

212 2070 406 2102 Tsu-shima.

665 2137 918 2169 Turbonilla
950 2138 1136 2170 bicincta
1165 2138 1202 2170 A.
1234 2139 1298 2170 Ad.

212 2194 403 2226 Tsu-shima.

694 2262 939 2293 Turbonilla
963 2262 1102 2294 cincta
1135 2262 1171 2293 A.
1195 2262 1260 2294 Ad.

212 2318 428 2351 Mino-shima.

689 2386 933 2418 Turbonilla
963 2387 1109 2419 munda
1140 2387 1175 2418 A.
1200 2387 1264 2419 Ad.

214 2438 427 2471 Mino-shima.

674 2507 922 2539 Turbonilla
955 2507 1144 2548 speciosa
1174 2506 1210 2538 A.
1235 2506 1296 2538 Ad.

212 2559 427 2592 Mino-shima.

674 2627 923 2659 Tui-bouilla
959 2627 1111 2658 debilis
1145 2627 1180 2658 A.
1213 2626 1277 2658 Ad.

209 2680 424 2712 Mino-shima.
