2317 3387
1165 275 1394 306 —116—

972 359 1139 391 Alabam
1172 359 1431 391 imbricatam
1458 360 1494 391 A.
1523 360 1584 391 Ad.

561 410 577 436 1.
597 418 618 437 c.
638 418 698 443 pag.
718 409 776 435 297.

510 461 666 494 O-shima.

561 559 567 584 l
1013 516 1182 547 Alabam
1214 515 1385 547 felinam
1417 518 1452 547 A.
1484 516 1548 548 Ad.

572 567 616 584 ,0.

508 610 768 642 Takano-shima.

560 707 567 732 l
1005 665 1172 695 Alabam
1204 663 1379 695 lucidam
1411 665 1446 694 A.
1480 665 1546 696 Ad.

571 715 616 733 .c.

511 758 770 790 Takano-shima.

997 813 1164 843 Alabam
1195 812 1392 842 inflatam
1423 811 1458 842 A.
1491 811 1554 843 Ad.

562 856 577 882 l.
597 864 618 883 c.

508 907 664 940 O-shima.

931 961 1101 992 Alaban]
1131 959 1459 1000 subangulatam
1491 960 1525 990 A.
1560 960 1623 991 Ad.

560 1014 576 1039 l.
596 1021 616 1039 c.
636 1021 696 1046 pag.
719 1012 776 1038 298.

508 1065 701 1096 'l'su-shima.

1024 1118 1183 1149 Dialam
1213 1118 1362 1148 variam
1394 1117 1428 1148 A.
1461 1118 1525 1149 Ad.

558 1180 624 1205 Anu.
645 1179 716 1212 Mag.
738 1178 810 1204 1861.
831 1179 857 1203 et
877 1178 934 1203 Oet.
956 1177 1029 1204 1862.
1050 1185 1110 1211 pag.
1130 1177 1187 1205 293.

509 1231 716 1269 Awa-shima,
741 1229 1000 1262 Takano—shima.

560 1340 612 1366 Ἡ]
980 1298 1141 1328 Dialam
1170 1297 1410 1329 sulciferam
1441 1298 1476 1328 A.
1505 1297 1567 1329 Ad.

559 1349 566 1366 l
589 1349 622 1366 1(.

509 1393 666 1427 O-shima.
690 1392 826 1423 Tanabe.

898 1447 1185 1488 Styliferinam
1217 1446 1487 1479 orthoehilam
1518 1448 1553 1479 A.
1584 1449 1647 1480 Ad.

560 1508 627 1533 Ann.
649 1508 718 1540 Mag.
739 1508 788 1532 etc.
809 1505 874 1532 Nov.
895 1505 969 1532 1860.
990 1513 1050 1539 pag.
1071 1506 1132 1532 335.
1152 1507 1209 1531 Oct.
1231 1506 1303 1531 1862.
1323 1513 1383 1539 pag.
1404 1506 1461 1532 299.

511 1560 546 1591 In
570 1560 703 1591 Asteriis
726 1559 906 1600 parasitam.
932 1576 971 1579 —
996 1558 1187 1590 Tsu-shima.

886 1626 1179 1667 Styliferinam
1209 1626 1491 1666 goniochilam
1524 1627 1556 1658 A.
1589 1627 1650 1659 Ad.

559 1688 625 1713 Anu.
647 1688 717 1719 Mag.
738 1686 804 1712 Nov.
825 1687 898 1712 1860.
918 1694 979 1719 pag.
999 1686 1057 1712 335.
1078 1686 1136 1712 Oct.
1159 1685 1231 1712 1862.
1252 1693 1312 1719 pag.
1333 1685 1390 1712 299.

511 1740 545 1771 In
570 1739 721 1780 Ophiuris
745 1739 920 1779 degentem.
944 1757 986 1760 ——
1008 1738 1224 1769 Mino-shima.

944 1807 1234 1848 Styliferinam
1264 1806 1437 1847 lepidam
1468 1807 1503 1838 A.
1538 1808 1601 1839 Ad.

559 1867 627 1893 Ann.
647 1867 718 1900 Mag.
739 1865 797 1893 Oct.
819 1867 891 1893 1862.
911 1875 971 1900 pag.
992 1866 1049 1893 299.

508 1920 653 1951 Yobuko.

1134 2026 1417 2071 Eissoellacea.

1039 2134 1163 2168 Genus
1184 2133 1372 2168 Rissoella
1396 2134 1508 2177 Gray.

506 2212 587 2244 Clar.
612 2213 647 2243 A.
672 2212 790 2244 Adams
814 2213 919 2253 plures
941 2212 1053 2243 harum
1077 2213 1308 2244 cochleolarum
1330 2213 1450 2254 species
1466 2212 1499 2243 in
1515 2211 1594 2242 Mari
1615 2211 1769 2252 Japonieo
1787 2210 1899 2242 obvias
1915 2210 2081 2252 descripsit
2097 2211 2196 2253 (Anu-

351 2268 434 2308 Mag.
459 2279 499 2299 m.
523 2267 601 2299 Nov.
628 2268 719 2299 1860.
744 2278 816 2308 pag.
840 2266 937 2307 332),
954 2279 1036 2308 quae
1054 2267 1104 2299 hie
1128 2271 1320 2308 sequuntur:

506 2387 528 2419 S
551 2388 570 2419 d
907 2344 1118 2376 Rissoella
1147 2344 1481 2386 omphalotropis
1511 2344 1548 2375 A.
1580 2343 1644 2375 Ad.

531 2399 548 2419 a
573 2399 600 2419 o.

994 2439 1201 2471 Rissoella
1230 2439 1388 2470 vitrina
1417 2439 1453 2470 A.
1486 2439 1550 2470 Ad.

507 2481 724 2513 Tabu-shima.

965 2533 1174 2565 Rissoella
1205 2533 1408 2564 vesicalis
1438 2533 1474 2564 A.
1506 2533 1570 2564 Ad.

505 2575 599 2608 Sado.

963 2626 1168 2659 Rissoella
1199 2627 1414 2667 turgidula
1444 2627 1479 2657 A.
1513 2626 1577 2658 Ad.

505 2670 634 2701 Fretum
659 2670 843 2702 Coreanum.
