2379 3382
947 251 1184 283 —255—

709 776 966 832 Addenda
1003 779 1056 829 et
1092 773 1418 843 corrigenda.

1007 1025 1075 1058 Pag.
1095 1025 1120 1050 6.

286 1087 425 1118 Murex
449 1086 752 1127 (Phyllonotus)
777 1085 911 1117 Yoldii
944 1085 1086 1117 Morch.
1122 1084 1239 1116 nullibi
1266 1083 1455 1124 (lescriptuS‚
1480 1083 1534 1114 sed
1558 1083 1590 1114 in
1615 1082 1684 1114 Cat.
1709 1082 1794 1113 Moll.
1819 1082 1904 1113 Joldi
1928 1093 2000 1122 pag.

132 1143 183 1173 95.
209 1153 266 1183 pro
290 1142 394 1184 specie
416 1141 573 1183 Japonica
596 1145 801 1173 enumeratus
825 1152 897 1173 cum
921 1141 1014 1181 signo
1039 1140 1169 1181 quidem
1193 1139 1465 1179 interrogationis,
1489 1138 1567 1169 mihi
1592 1139 1722 1178 ignotus
1746 1140 1803 1168 est.

1009 1233 1075 1266 Pag.
1095 1233 1119 1259 8.

808 1294 948 1326 Murex
981 1293 1216 1334 Japonicus
1249 1292 1335 1323 Dkr.

290 1363 376 1395 Inter
399 1374 576 1403 synonyma
598 1363 694 1394 huius
718 1363 834 1403 speciei
857 1363 955 1394 etiam
979 1362 1084 1394 Fusus
1110 1360 1320 1402 (Tritonium)
1350 1360 1590 1392 submuricatus
1618 1359 1782 1392 Schrenek
1811 1359 1940 1401 (Bullet.
1965 1359 2005 1390 de

135 1419 254 1450 l'Acad.
279 1418 356 1460 Imp.
382 1419 437 1450 des
461 1418 511 1450 Sc.
537 1418 576 1450 de
598 1417 646 1450 St.
671 1418 813 1450 Petersb.
839 1419 899 1450 vol.
918 1419 947 1449 4.
973 1429 1044 1458 pag.
1069 1416 1157 1457 411.)
1175 1419 1208 1448 et
1223 1416 1336 1447 Murex
1360 1416 1530 1448 inornatus
1546 1416 1664 1447 Recluz
1689 1415 1864 1456 (Schrenck
1883 1415 2002 1447 Amurl.

135 1475 194 1505 vol.
217 1474 245 1505 2.
269 1485 342 1515 pag.
366 1473 453 1514 414.)
478 1473 613 1505 notandi
636 1476 721 1505 sunt.

290 1583 339 1616 Ad
357 1584 578 1625 Siphonaliam
600 1584 795 1625 imperialem
820 1585 923 1616 Reeve
947 1595 1017 1625 pag.
1045 1584 1084 1615 18
1108 1585 1388 1615 commemoratam
1411 1583 1464 1614 hic
1487 1582 1570 1614 addo
1594 1582 1677 1613 hanc
1702 1581 1862 1613 cochleam
1887 1592 1906 1611 a
1929 1581 2002 1612 clar.

134 1640 267 1682 Jeffreys
290 1651 347 1682 pro
371 1641 473 1673 forma
494 1640 629 1672 Buccini
651 1641 766 1672 undati
789 1642 995 1672 monstruosa
1019 1640 1213 1671 declaratam
1238 1650 1316 1677 esse⁷
1341 1639 1427 1679 quod
1452 1637 1631 1678 nuperrime
1655 1638 1687 1668 in
1711 1647 1855 1668 sermone
1879 1648 2003 1668 mecum

135 1697 383 1728 communicavit
406 1697 528 1728 amicus
550 1695 677 1727 Kobelt.
726 1695 794 1727 Hoc
818 1695 948 1727 difficile
972 1698 1020 1727 est
1042 1695 1083 1726 ad
1100 1695 1357 1735 intelligendum,
1382 1705 1454 1725 cum
1478 1694 1655 1725 Buce-inum
1678 1694 1836 1724 nudatum
1861 1693 2004 1731 Linnaei,

135 1753 283 1792 quamvis
316 1752 535 1793 pervariabile.
565 1754 632 1783 tam
655 1751 821 1792 sculptura
855 1752 959 1783 aliena
991 1762 1087 1792 quam
1119 1751 1245 1792 pictura
1282 1751 1443 1782 maculata
1466 1752 1497 1780 et
1521 1749 1657 1789 strigata
1691 1749 1856 1780 deficiente
1880 1748 1920 1779 ab
1945 1748 2002 1779 hac

136 1809 247 1838 nostra
270 1807 400 1839 cochlea
421 1808 513 1839 valde
535 1807 715 1848 abhorreat.

1010 1890 1076 1924 Pag.
1098 1891 1138 1917 19.

807 1950 981 1982 Euthria
1015 1951 1204 1982 viridula
1239 1951 1331 1982 Dkr.

293 2019 374 2051 Clar.
398 2019 433 2050 E.
458 2019 494 2050 A.
520 2019 626 2051 Smith
650 2019 790 2050 affirmat
826 2019 927 2058 (Proc.
963 2018 1049 2050 Zool.
1075 2018 1146 2050 Soc.
1185 2019 1279 2049 1879.
1317 2029 1388 2059 pag.
1415 2017 1501 2058 206.)
1526 2018 1693 2050 Euthriam
1728 2018 1860 2049 ferream
1889 2018 2004 2049 Reevei

138 2074 345 2115 (Buccinum)
378 2074 497 2107 Conch.
531 2075 613 2107 icon.
644 2074 706 2106 vol.
738 2074 767 2106 3.
799 2085 882 2115 spec.
916 2074 987 2106 102.
1025 2075 1185 2115 specimen
1221 2074 1376 2106 Euthriae
1411 2074 1566 2105 viridulae
1601 2074 1753 2105 detritum
1789 2084 1865 2104 esse.
1923 2073 2005 2104 Huic

138 2131 316 2162 sententiae
339 2141 403 2162 non
427 2141 570 2171 repugno
594 2141 666 2162 cum
690 2130 833 2161 Reeveus
856 2130 924 2170 ipse
949 2130 1109 2161 cochleam
1134 2130 1269 2170 politam
1294 2130 1524 2161 nominaverit:
1547 2129 1601 2160 sed
1627 2128 1793 2169 conchylia
1817 2129 1934 2159 detrita.
1956 2128 2004 2159 vol

138 2186 238 2226 polita
262 2186 398 2217 describi
423 2196 486 2217 non
511 2185 638 2217 debent.

1003 2269 1069 2302 Pag.
1089 2269 1130 2295 21.

756 2328 882 2362 Genus
905 2327 1145 2370 citliaropsis
1166 2328 1211 2362 A.
1234 2327 1387 2362 Adams.

731 2410 993 2451 Citharopsis
1028 2410 1255 2441 cancellata
1289 2410 1325 2441 A.
1357 2409 1422 2440 Ad.

349 2477 418 2504 Ann.
437 2479 472 2504 e‘s.
492 2477 564 2510 Mag.
584 2476 650 2503 Nat.
668 2476 740 2503 Hist.
760 2477 823 2510 Apr.
847 2477 920 2503 1865.
940 2485 1003 2511 pag.
1023 2477 1081 2503 323.

297 2537 394 2569 Testa
427 2538 580 2577 utrinque
613 2537 808 2575 acuminata,
832 2537 1006 2569 rufescens.
1041 2537 1244 2569 anfractibus
1282 2537 1435 2569 convexis
1468 2548 1524 2578 per
1560 2536 1794 2576 longitudinem
1833 2535 2006 2566 costellatis

139 2593 271 2633 lii-isque
293 2593 485 2625 transversis
509 2592 661 2624 confertis
685 2593 848 2633 eleganter
872 2593 1066 2624 cancellata:
1091 2592 1257 2624 anfractus
1277 2593 1412 2624 ultimus
1429 2593 1534 2623 antice
1550 2592 1725 2632 productus
1743 2593 1772 2622 et
1790 2591 2005 2621 acuminatus:

140 2649 226 2689 spira
248 2650 430 2689 aperturam
453 2659 604 2688 aequans.
