2379 3382
955 259 990 264 —
1038 242 1101 273 259
1132 215 1188 265 ’-

680 325 860 358 Trochus
894 325 1147 359 Ochotensis
1180 328 1298 360 Midd.
1333 330 1372 360 in
1407 331 1464 362 lit.

347 398 428 432 (Phil.
449 399 546 426 Conch.
567 399 632 427 Cab.
652 399 693 426 ed.
712 400 735 427 2.
755 408 817 434 pag.
837 400 894 428 221,
915 400 980 428 Tab.
1000 401 1042 428 34.
1061 402 1105 435 fig.
1128 402 1161 435 1.)

139 467 199 499 hac
221 468 346 500 ratione
369 469 487 510 pariter
510 470 651 501 incertus
676 472 732 501 est.

998 562 1066 596 Pag.
1087 562 1142 589 140.

813 631 1011 663 Euchelus
1044 631 1198 664 Smithi
1232 633 1318 664 Dkr.

863 707 927 733 Tab.
948 708 1040 733 nostra
1059 707 1081 733 6.
1101 707 1146 738 fig.
1168 708 1275 735 16—19.

295 773 390 806 Testa
413 775 600 806 umbilicata
623 776 896 815 globoso-conica,
921 776 1121 808 anfractibus
1144 777 1229 809 senis
1253 778 1302 809 vel
1325 779 1466 819 septenis
1490 779 1657 818 instructa,
1682 782 1814 814 costulis
1838 783 1998 824 sulcisque

136 831 316 862 numerosis
340 831 563 870 inaequalibus
586 831 753 871 graniferis
777 843 816 863 ex
834 834 923 872 parte
945 832 1163 872 margaritatis
1187 833 1309 871 cincta3
1335 833 1422 864 basis
1439 845 1591 873 convexa,
1611 837 1708 868 costis
1732 837 1861 877 spiratis
1878 838 1996 870 laevio-

137 885 226 917 ribus
249 886 495 927 interstitiisque
519 886 705 918 cancellatis
729 886 870 927 sculpta;
906 887 1078 919 umbilicus
1101 889 1228 928 pervius
1251 888 1408 928 profunde
1432 890 1678 930 canaliculatus3
1712 895 1861 933 apertura
1887 896 1997 925 rotun—

139 941 407 981 dato-quadrata3
433 941 599 973 columella
621 942 712 973 valde
736 943 864 974 sinuata
888 942 1016 981 callosa,
1041 943 1203 975 denticulo
1227 946 1321 975 acuto
1346 945 1534 980 terminata:
1559 946 1683 977 labrum
1707 948 1794 979 intus
1819 949 1996 987 sulcatum3

138 997 224 1028 color
247 997 410 1028 subcanus
434 997 483 1028 vel
507 997 831 1029 cinereo—rubescens.
856 1015 898 1019 —
921 997 991 1030 Lat.
1014 1009 1098 1030 max.
1123 999 1174 1038 20,
1199 999 1253 1031 alt.
1281 999 1319 1031 15
1343 1001 1418 1031 mill.

292 1052 380 1084 Mare
402 1052 594 1094 Japonicum
617 1064 715 1094 prope
738 1053 943 1093 Wakayama.

293 1108 379 1140 Haec
413 1108 534 1148 species
568 1109 726 1140 concinna
760 1109 792 1139 in
825 1108 979 1140 honorem
1013 1110 1086 1140 clar.
1118 1110 1152 1140 E.
1178 1109 1213 1141 A.
1238 1109 1345 1142 Smith
1380 1108 1592 1143 Londinensis
1626 1113 1800 1151 nominata,
1835 1115 1999 1155 sculptura

137 1163 377 1203 elegantissima
402 1164 549 1203 insignis,
573 1166 643 1196 tota
666 1166 750 1196 testa
781 1164 913 1196 costulis
944 1165 1091 1205 angustis
1122 1166 1378 1205 prominentibus
1407 1167 1581 1206 imparibus
1611 1168 1779 1207 graniferis
1810 1171 1915 1201 cincta
1939 1173 1997 1208 est,

137 1221 243 1250 costae
267 1219 376 1251 lateris
405 1219 565 1251 inferioris
596 1220 710 1261 planae
743 1231 842 1261 paene
876 1221 981 1252 laeves
1013 1231 1186 1261 earumque
1219 1221 1388 1252 intervalla
1424 1222 1609 1253 cancellata.
1657 1223 1749 1255 Color
1784 1225 1926 1256 cinereus
1950 1225 1999 1257 vel

135 1275 318 1310 rubescens.
357 1277 390 1307 in
423 1276 621 1308 anfractibus
655 1276 872 1316 superioribus
905 1276 1039 1308 mac-ulis
1072 1277 1311 1308 obscurioribus
1343 1288 1505 1318 aspersus3
1541 1289 1623 1318 apex
1646 1279 1865 1311 acutiusculus
1888 1280 1998 1317 albus3

135 1331 260 1363 labrum
285 1331 410 1363 fortiter
433 1332 602 1370 sulcatum.
627 1332 660 1362 in
683 1332 914 1372 speciminibus
937 1332 1057 1364 adultis
1080 1333 1304 1371 incrassatum,
1329 1334 1773 1373 argeuteo-margaritaceum.

663 1443 846 1474 Trochus
881 1446 1082 1483 argenteo
1117 1443 1258 1474 nitens
1292 1443 1478 1474 Lischkc.

343 1510 442 1536 Malak.
466 1509 504 1536 Bl.
525 1509 576 1536 vol.
597 1510 636 1536 19.
658 1518 718 1544 pag.
742 1510 796 1536 104.
835 1510 896 1544 Jap.
915 1511 949 1536 M.
971 1509 1068 1536 Coneh.
1089 1510 1139 1536 vol.
1160 1510 1183 1536 3.
1203 1517 1264 1543 pag.
1285 1510 1324 1536 66.
1345 1509 1413 1536 Tab.
1432 1510 1455 1536 4.
1476 1512 1521 1543 fig.
1544 1511 1564 1537 l.

292 1569 390 1602 Sinus
413 1570 581 1602 Jedoensis
605 1573 636 1602 et

754 1651 942 1683 Trochus
977 1651 1162 1682 Alwinae
1194 1651 1385 1683 Lischke.

341 1718 399 1752 Jap.
421 1718 455 1745 M.
476 1718 572 1745 conch.
594 1718 644 1745 vol.
665 1718 688 1744 2.
708 1726 768 1752 pag.
789 1719 828 1746 84.
850 1718 914 1745 Tab.
935 1720 957 1746 6.
978 1719 1023 1752 fig.
1044 1719 1083 1744 17.
1106 1718 1146 1744 18.
1169 1718 1208 1744 19.

290 1780 382 1811 Litus
405 1780 528 1811 insulae
551 1779 712 1811 Kiu-shiu.

290 1835 434 1875 Utraque
457 1835 577 1876 species
600 1835 786 1876 Zizyphinis
810 1835 957 1867 addenda
981 1837 1038 1867 est.

756 1946 1008 1987 Zizyphinus
1037 1947 1243 1986 jucundus
1279 1947 1377 1979 Sow.

342 2014 416 2040 Proc.
437 2014 506 2039 Zool.
527 2014 584 2040 Soc.
605 2014 678 2040 1878.
699 2022 759 2048 pag.
780 2013 837 2040 798.
858 2013 922 2040 Tab.
942 2013 982 2040 48.
1003 2013 1048 2047 fig.
1069 2015 1092 2040 G.

288 2074 375 2106 Mare
398 2075 601 2116 Japonicum,
625 2076 694 2107 sine
718 2075 913 2107 indicatione
937 2076 1024 2106 certa
1048 2074 1108 2106 loci
1132 2075 1258 2106 natalis.

289 2130 419 2171 Species
443 2131 601 2162 concinna
625 2130 783 2162 Trochum
807 2131 1013 2172 zizyphinum
1036 2130 1171 2161 Linnaei
1195 2130 1303 2170 aliquo
1327 2130 1421 2161 modo
1450 2130 1482 2160 in
1509 2131 1648 2161 mentem
1681 2131 1782 2161 vocat.
1830 2129 2000 2169 Exemplar

132 2185 150 2215 l.
176 2197 201 2217 c.
227 2186 422 2227 descriptum
445 2189 603 2227 quantum
627 2187 692 2218 scio
715 2187 756 2218 ad
780 2187 839 2218 hoc
861 2189 989 2227 tempus
1012 2186 1143 2217 unicum
1166 2187 1224 2217 est.

731 2339 857 2374 Genus
879 2338 1181 2375 Pleurotomaria
1204 2339 1401 2374 Defrance.

620 2423 960 2454 Pleurotomaria
994 2421 1205 2463 Beyrichii
1239 2421 1503 2462 Hilgendorf.

339 2489 524 2523 Sitzungsber.
544 2490 590 2516 der
609 2489 756 2516 Gesellsch.
776 2489 874 2516 naturf.
895 2489 1024 2516 Freundc.
1046 2489 1138 2515 Berlin
1159 2488 1224 2514 1877
1245 2497 1306 2522 pag.
1327 2488 1367 2515 72.
1411 2489 1441 2514 Ε.
1460 2496 1482 2514 v.
1503 2488 1529 2514 M
1538 2489 1656 2514 attens
1676 2486 1773 2513 Conch.
1793 2485 1885 2512 Mitth.
1905 2485 1955 2512 vol.
1978 2487 1998 2511 l.

409 2540 470 2566 pag.
490 2533 531 2558 33.
551 2532 616 2559 Tab.
637 2533 659 2559 7.

287 2594 377 2626 Hanc
400 2594 540 2635 speciem
564 2594 766 2635 magnificam
797 2594 837 2626 ad
869 2594 929 2626 hoc
958 2595 1085 2634 tempus
1116 2593 1245 2625 unicam
1276 2593 1349 2624 clar.
1375 2591 1565 2632 Hilgendorf
1586 2591 1619 2621 in
1643 2591 1829 2622 collectione
1860 2589 1998 2630 quadam

130 2649 358 2682 Molluscorum
381 2650 538 2690 Japoniae
561 2650 685 2682 invenit
708 2652 739 2682 et
763 2661 864 2691 nuper
887 2649 1072 2690 reportavit.
1117 2649 1204 2680 Inter
1228 2648 1317 2679 vivas
1341 2647 1419 2679 haec
1442 2649 1558 2687 quarta
1581 2657 1666 2677 nunc
1690 2646 1831 2677 innotuit
1863 2645 1995 2685 species,

1619 2689 1687 2721 33*
