2379 3382
919 307 1134 338 —33-

719 391 968 422 Buccinum
1003 391 1207 431 glaciale
1241 392 1330 424 Lin.

308 460 380 493 Syst.
400 459 464 485 Nat.
483 458 524 485 ed.
547 457 584 484 12.
605 466 669 491 pag.
691 458 765 484 1204.
795 458 1000 483 Tritonium
1021 458 1167 491 glaciale
1187 459 1276 485 Miill.
1316 459 1486 485 Buccinum
1513 461 1710 493 angulosum
1731 461 1821 495 Gray
1841 463 1961 489 Beecli.

359 501 422 534 Voy.
442 509 503 535 pag.
525 501 581 527 127.
602 500 667 527 Tab.
687 500 727 526 36.
747 500 792 533 fig.
813 501 836 526 6.
874 500 926 526 lus.
949 499 1107 533 Saghalien‚
1137 501 1163 526 in
1184 502 1243 526 sinu
1264 502 1371 527 Aniwae
1391 504 1441 528 etc.
1487 503 1515 528 A.
1548 503 1667 528 Adams
1697 504 1763 530 Ann.
1795 504 1848 530 and
1883 505 1955 538 Mag.

357 544 421 570 Nat.
442 544 513 570 Hist.
535 544 608 570 1870,
629 551 691 577 pag.
711 543 769 569 421.

254 604 408 636 Collectio
434 607 544 636 nostra
567 615 666 635 unum
692 603 852 644 specimen
878 604 1023 634 continet
1046 614 1061 634 e
1085 604 1164 634 mari
1187 604 1343 644 Japonieo
1376 605 1445 635 sine
1480 608 1566 636 certa
1600 607 1727 645 quidem
1754 607 1816 638 loci
1840 608 1958 639 natalis

95 660 301 692 indicatione.

671 757 886 788 Buccinum
924 757 1156 788 Ochotense
1190 756 1397 788 Middend.

304 825 381 850 Reise
400 825 427 850 in
448 823 526 850 Sibir.
547 824 597 851 vol.
620 826 641 851 1.
661 832 723 858 pag.
744 824 802 850 235.
823 824 887 850 Tab.
907 824 932 850 9.
952 824 997 857 fig.
1019 825 1041 850 5.
1063 823 1127 850 Tab.
1153 824 1191 850 10.
1213 824 1257 856 fig.
1280 825 1300 849 1.
1321 824 1343 850 2.

249 886 312 917 lns.
337 885 546 926 (Saghalien).

739 1011 864 1045 Genus
888 1011 1126 1053 Volutharpa
1149 1010 1316 1045 Fischer.

612 1089 905 1130 Volutharpa
941 1089 1100 1130 Perryi
1134 1089 1214 1129 Jay
1250 1088 1449 1130 (Bullia).

305 1156 405 1189 Report
426 1164 458 1182 on
478 1156 525 1181 the
545 1156 633 1182 Shells
653 1156 711 1183 coll.
731 1156 766 1190 by
784 1157 830 1182 the
850 1157 938 1190 Japan
958 1156 1057 1190 Exped.
1077 1156 1160 1182 under
1179 1157 1225 1182 the
1245 1156 1385 1182 command
1402 1156 1430 1182 of
1443 1156 1615 1182 Commodum
1631 1156 1714 1189 l'erry
1735 1157 1809 1183 1856.
1823 1165 1885 1190 pag.
1902 1156 1960 1183 295.

356 1198 421 1225 Tab.
442 1200 466 1224 5.
485 1198 550 1232 figg.
574 1198 680 1225 13—15.

249 1259 345 1290 Plura
369 1260 544 1299 specimina
568 1262 698 1291 exstant
722 1260 754 1291 in
779 1260 850 1291 sinu
874 1260 1025 1291 Jedo‘ensi
1050 1262 1158 1300 capta3
1183 1261 1358 1291 maximum
1382 1260 1423 1290 43
1447 1259 1524 1290 mill.
1549 1260 1681 1299 longum
1705 1262 1762 1290 est.

253 1314 350 1346 Testa
375 1317 480 1354 ovata,
504 1315 621 1355 tenuis,
647 1316 769 1353 inflata,
805 1316 1003 1346 anfractibus
1040 1316 1124 1347 senis
1159 1316 1266 1347 subito
1291 1315 1434 1346 dilatatis
1469 1315 1644 1354 instructa;
1680 1315 1765 1355 spira
1788 1315 1959 1355 quinquies

93 1372 207 1411 gyrata
241 1371 447 1402 transversim
482 1372 686 1412 tenuiterque
721 1372 834 1403 striata
868 1371 1015 1411 quintam
1038 1374 1167 1402 tantum
1190 1371 1290 1402 totius
1314 1371 1527 1411 longitudinis
1559 1373 1836 1411 pa1·te1ntenens;
1875 1370 1961 1401 color

93 1425 184 1457 fundi
209 1427 336 1458 sordide
360 1427 453 1458 albus
476 1427 524 1458 vel
548 1427 720 1458 rubescens
744 1427 853 1467 strigis
877 1427 994 1468 pallide
1017 1427 1094 1458 rufis
1117 1427 1316 1467 va1-iegatus3
1342 1427 1509 1467 epidermis
1533 1426 1710 1457 holoserica
1732 1426 1861 1457 caduca.

251 1482 378 1513 Animal
396 1483 504 1514 album
522 1483 636 1523 eapite,
653 1484 733 1523 pede
749 1485 781 1514 et
798 1482 932 1523 siphone
948 1494 1065 1523 magno
1083 1483 1217 1514 maculis
1241 1483 1341 1522 nigris
1364 1483 1483 1522 sparsis
1506 1482 1638 1522 pictum⁷
1662 1481 1802 1512 Buecino
1826 1481 1961 1512 Linnaei

93 1536 251 1577 (Tritonio
284 1537 386 1577 Mffll.)
424 1540 490 1569 tam
515 1539 687 1578 analogum
711 1541 743 1569 et
765 1539 868 1569 simile
891 1542 949 1576 est,
973 1540 1009 1569 ut
1032 1539 1218 1569 crediderim
1253 1538 1481 1578 Volutharpam
1505 1549 1570 1569 non
1594 1548 1649 1578 pro
1673 1548 1787 1577 genere
1821 1537 1960 1577 proprio,

92 1592 147 1623 sed
171 1593 279 1632 potius
307 1604 362 1633 pro
388 1593 544 1625 divisione
567 1596 694 1625 tantuin
719 1595 844 1634 generis
868 1594 1001 1625 Buccini
1024 1593 1205 1625 habendam
1230 1604 1307 1625 esse.

248 1648 378 1689 Species
402 1649 543 1690 reliquae
566 1649 732 1690 hucusque
756 1650 934 1690 descriptae
956 1649 1017 1680 hae
1040 1652 1129 1681 sunt:

530 1738 784 1780 Volutharpa
816 1740 1075 1780 ampullacea
1112 1739 1315 1770 Middend.
1353 1739 1528 1779 (Bullia).

1059 1823 1218 1836 .....

616 1876 878 1917 Volutharpa
910 1877 1230 1917 Deshayesiana
1262 1876 1433 1907 Fischer.

302 1937 393 1964 Journ.
414 1938 446 1964 de
466 1938 563 1965 Conch.
584 1939 634 1965 vol.
655 1940 677 1965 5.
701 1939 773 1965 1856.
794 1947 855 1973 pag.
875 1940 915 1966 85.
936 1939 1000 1966 Tab.
1022 1940 1046 1966 3.
1066 1940 1112 1973 fig.
1132 1940 1155 1966 8.
1175 1939 1198 1965 9.

665 2013 916 2054 Volutharpa
946 2013 1182 2045 Mei-chiana
1213 2013 1387 2045 Fischer.

306 2075 400 2101 Journ.
421 2075 452 2101 de
472 2076 570 2103 Cous-h.
590 2076 640 2103 vol.
661 2078 683 2103 7.
706 2077 779 2104 1858.
799 2085 861 2111 pag.
882 2078 939 2104 299.
961 2077 1025 2104 Tab.
1048 2078 1086 2103 10.
1106 2077 1151 2110 fig.
1173 2076 1195 2102 2.

250 2130 332 2162 Tota
356 2134 439 2163 testa
464 2133 563 2164 costis
588 2134 778 2165 transversis
802 2134 938 2174 insignis
962 2137 1020 2166 est.

540 2213 800 2255 Volutharpa
830 2215 1069 2247 Linnaeana
1101 2216 1137 2247 A.
1171 2216 1314 2247 Adams
1347 2215 1516 2256 (Bullia).

302 2274 371 2301 Ann.
392 2275 444 2301 and
464 2276 536 2309 Mag.
557 2276 620 2303 Nat.
641 2277 716 2303 Hm.
739 2277 812 2304 1860.
833 2286 894 2311 pag.
917 2278 972 2304 109.

611 2350 873 2392 Volutharpa
908 2352 1190 2384 Fischeriana
1220 2352 1256 2383 A.
1283 2353 1439 2383 Adams.

300 2411 368 2438 Anu.
389 2411 441 2437 and
461 2413 532 2446 Mag.
555 2413 618 2440 Nat.
640 2414 710 2440 Hist.
732 2414 806 2441 1870.
827 2423 890 2448 pag.
910 2415 968 2441 422.

247 2480 370 2512 Omnes
387 2481 447 2513 hae
463 2483 584 2523 species
607 2484 688 2515 mari
711 2485 868 2525 Japonico
892 2486 1038 2526 propriae
1062 2496 1130 2517 esse
1154 2486 1311 2517 videntur,
1360 2485 1438 2516 Cum
1457 2496 1529 2517 vero
1546 2485 1659 2517 harum
1682 2488 1838 2517 testarum
1858 2487 1959 2527 major

88 2535 184 2575 copia
217 2536 296 2567 mihi
324 2548 387 2569 non
412 2537 509 2569 fuerit.
530 2539 563 2570 in
587 2542 725 2580 promtu,
746 2541 785 2572 de
808 2541 958 2572 omnibus
990 2543 1075 2572 certe
1098 2541 1271 2582 dijudicare
1294 2552 1428 2581 nequeo.
1475 2540 1688 2572 Conferantur
1711 2552 1793 2582 quae
1810 2542 1848 2573 de
1864 2542 1961 2574 Volu-

90 2591 207 2632 tharpa
231 2592 264 2622 in
290 2592 402 2624 Journ.
428 2594 466 2625 de
490 2594 609 2626 Conch.
637 2596 729 2628 1858.
754 2608 826 2638 pag.
851 2598 902 2629 40.
932 2598 1082 2639 exposuit
1117 2598 1190 2628 clar.
1224 2597 1346 2635 MOrch,
1378 2597 1496 2637 pariter
1519 2597 1555 2627 A.
1580 2596 1699 2628 Adams
1722 2597 1755 2628 in
1779 2597 1860 2628 Ann.
1895 2598 1960 2629 and

91 2646 175 2688 Mag.
199 2648 273 2680 Nat.
298 2649 380 2681 Hist.
408 2651 579 2692 1860‘pag.
600 2651 670 2683 109.
687 2653 743 2684 ubi
761 2654 799 2685 de
820 2654 925 2686 incola
948 2656 1051 2686 testae
1075 2653 1234 2685 disseruit.
1255 2670 1295 2674 —
1319 2652 1550 2693 Volutharpam
1574 2652 1680 2692 Perryi
1704 2653 1821 2694 Japani
1840 2653 1960 2693 „Seko-

87 2702 162 2742 gai“
188 2704 367 2736 nominant.

168 2767 287 2800 Dunker,
308 2768 381 2795 Moli.
406 2769 466 2803 Jap.
487 2777 554 2796 mar.
1678 2765 1698 2794 ἴ)
