2379 3382
879 286 1117 317 —207—

768 371 901 411 Tapes
935 370 1118 402 Greeffei
1142 371 1232 402 Dkr.

757 437 821 463 Tab.
842 440 934 463 nostra
954 437 976 463 9,
997 438 1061 470 fige.
1084 439 1124 463 17».
1144 439 1182 464 1⁴3.
1205 439 1243 463 17.

276 497 376 523 Malak.
396 497 439 523 Bl.
458 497 509 523 vol.
529 497 569 523 24.
590 504 651 531 pag.
671 497 711 523 67.

224 556 319 588 Testa
342 557 608 598 ‹)vato-elliptica‚
633 559 791 594 ventrosa,
816 557 922 588 antice
946 558 1187 595 subattenuata,
1211 559 1334 598 postico.
1357 558 1520 598 paululum
1546 559 1700 596 obtusior.
1725 560 1757 590 in
1789 561 1933 600 margine

67 611 188 642 ventris
211 611 399 651 regulariter
421 612 609 652 modiceque
631 616 772 649 arcuata,
797 603 896 643 costis
919 613 1035 643 crassis
1061 613 1251 644 rotundatis.
1278 614 1439 645 nonnullis
1462 615 1567 646 antice
1584 615 1784 646 dichotomis.
1810 616 1930 646 cincta:

68 670 177 698 costae
207 666 241 697 in
272 670 407 707 utroque
442 667 541 698 latere
569 668 690 707 postico
722 668 858 708 abrupte
888 668 1052 704 evanidae,
1083 669 1123 699 ad
1155 679 1260 700 aream
1292 679 1364 699 vero
1396 669 1521 700 fortiter
1552 680 1741 710 expressae:
1773 671 1930 702 umbones

66 724 182 755 tumidi
218 724 342 761 laeves;
376 722 488 754 lunula
509 734 647 763 areaque
669 722 877 760 lanceolatae,
905 733 1017 763 parum
1053 723 1241 761 distinctam
1273 724 1482 763 ligamentum
1515 729 1688 765 angustum
1720 726 1930 756 submersum.

68 778 162 810 Color
186 781 218 810 et
240 779 366 819 pictura
390 778 573 815 variabiles:r
599 779 631 809 in
654 778 754 808 fundo
778 778 924 816 rubente,
955 779 1058 809 rarius
1091 789 1191 815 roseo,
1223 779 1332 818 strigis
1364 779 1461 810 fuscis
1491 780 1539 810 vel
1572 781 1740 812 castaneis.
1772 781 1931 812 interdum

67 833 336 875 nigrescentibus,
361 834 524 874 angulatis
548 833 597 864 vel
620 834 772 864 flexuosis
797 836 828 864 et
851 833 1094 864 subreticulatis
1118 834 1278 874 radiisque
1302 834 1497 866 macularum
1522 835 1741 875 irregularium
1767 837 1933 876 quaternis

67 889 140 930 plus
162 889 309 920 minusve
330 888 447 920 vividis
471 889 635 929 variegata
658 891 707 919 est
730 888 862 920 concha.
909 888 1003 919 Color
1027 889 1173 920 internus
1203 890 1306 927 albus,
1338 890 1499 921 interdum
1532 890 1704 922 subl-oseus
1735 892 1783 922 vel
1816 892 1933 932 pallide

66 944 239 976 rufescens.
285 943 384 976 Sinus
409 944 496 984 pallii
519 955 658 984 magnus
681 944 932 984 linguaeformis.
979 944 1156 984 Epidermis
1181 944 1298 985 pallide
1321 956 1436 976 cornea
1468 946 1656 977 tenuissima
1680 947 1734 977 sed
1767 948 1867 977 firma.
1891 965 1933 968 -—

68 999 182 1031 Testae
198 1000 328 1031 adultae
343 999 472 1031 55—58
487 999 564 1030 mill.
582 999 697 1040 longae
720 1002 797 1031 sunt
819 1010 991 1039 earumque
1015 1000 1223 1031 dimensionis
1246 1001 1328 1031 ratio
1351 1001 1491 1031 numeris
1518 1001 1587 1035 100.
1612 1002 1662 1038 64.
1687 1001 1728 1032 42
1751 1002 1933 1042 respondet.

222 1055 325 1086 Multa
347 1055 522 1095 specimina
545 1058 677 1086 exstant
700 1055 914 1095 pulcherrima
930 1066 969 1085 ex
988 1059 1077 1095 parte
1094 1067 1113 1086 a
1129 1056 1203 1086 clar.
1222 1055 1250 1086 J.
1267 1055 1349 1086 Rein
1366 1067 1404 1086 ex
1423 1056 1561 1096 Japonia
1577 1059 1754 1096 reportata3
1779 1057 1933 1088 nonnulla

68 1110 194 1151 pictura
216 1110 380 1151 pallidiore
411 1112 443 1141 et
466 1109 619 1150 languida
650 1110 810 1150 quondam
836 1121 875 1140 ex
899 1109 1098 1141 Andamanis
1122 1110 1236 1142 insulis
1264 1111 1380 1151 accepi.
1435 1110 1549 1142 Omnia
1580 1112 1664 1142 inter
1695 1123 1728 1141 se
1752 1116 1932 1153 congruunt

71 1168 206 1206 excepto
229 1165 356 1205 quidem
380 1165 485 1197 colore
507 1165 664 1197 variabili.

223 1221 310 1252 Haec
333 1220 456 1252 concha
479 1220 591 1262 Tapeti
615 1221 811 1261 semirugato
834 1220 916 1251 Phil.
942 1220 1036 1259 (Abb.
1062 1221 1123 1252 vol.
1148 1220 1176 1251 3.
1202 1231 1274 1261 pag.
1300 1222 1350 1251 76.
1375 1221 1452 1252 Tab.
1479 1221 1506 1252 7,
1524 1221 1577 1262 fig.
1595 1221 1638 1262 4.)
1663 1222 1777 1254 similis
1794 1226 1851 1261 est.
1877 1223 1932 1254 sed

66 1278 191 1308 statura
212 1276 394 1313 tumidiore,
417 1275 542 1307 ambitu
565 1287 666 1316 paene
689 1276 840 1316 elliptico‚
865 1276 1008 1317 margine
1026 1276 1112 1307 dorsi
1129 1277 1237 1308 antico
1253 1277 1293 1308 ad
1310 1277 1451 1308 lunulam
1469 1277 1576 1308 minus
1595 1280 1718 1316 cavato,
1734 1278 1932 1310 umbonibus

64 1331 270 1369 subtumidis,
294 1342 368 1362 area
391 1331 603 1371 profundiore,
628 1332 726 1362 costis
742 1332 773 1362 in
791 1332 936 1372 margine
959 1332 1047 1363 dorsi
1070 1332 1157 1363 haud
1181 1332 1335 1370 evanidis‚
1359 1332 1422 1364 imo
1440 1333 1532 1364 valde
1556 1333 1718 1365 distinctis
1745 1336 1931 1366 constanter

67 1387 181 1418 differt.
228 1386 331 1427 Tapes
354 1387 486 1417 inflatus
508 1386 604 1418 Desh.
629 1386 731 1424 (Proc.
756 1387 842 1418 Zool.
868 1386 940 1418 Soc.
966 1387 1059 1418 1853.
1085 1398 1156 1428 pag.
1181 1387 1210 1418 8.
1235 1387 1312 1418 Tab.
1340 1387 1389 1418 19.
1413 1387 1466 1428 fig.
1491 1387 1537 1427 3.)
1560 1389 1679 1429 pariter
1703 1389 1818 1426 affinis.
1846 1392 1933 1421 testa

69 1443 168 1473 multo
192 1442 374 1480 tumidiore,
397 1442 540 1482 margine
564 1441 649 1473 dorsi
672 1443 780 1473 antico
803 1445 836 1473 et
858 1443 969 1474 lunula
992 1444 1167 1481 excavatis,
1197 1443 1328 1474 omnino
1351 1446 1421 1475 toto
1443 1443 1559 1475 habitu
1585 1448 1617 1475 et
1644 1447 1805 1476 costarum
1827 1446 1933 1476 indole

68 1497 183 1535 aliena,
207 1497 298 1528 facile
322 1497 541 1538 distinguitur.

223 1552 353 1584 Concha
383 1553 416 1583 in
449 1553 611 1583 nonnullis
646 1552 804 1593 Japoniae
840 1553 1028 1592 regionibus
1057 1564 1105 1584 ex.
1130 1564 1175 1594 gr.
1207 1554 1247 1585 ad
1282 1553 1477 1594 Kagoshima
1516 1554 1786 1595 frequentissima,
1818 1556 1934 1587 incolis

64 1608 262 1640 nutrimento
285 1611 351 1647 est3
375 1607 555 1639 mirandum
577 1608 688 1648 itaque
711 1610 760 1639 est
782 1619 852 1638 eam
875 1619 894 1638 a
918 1608 1169 1649 conchyliologis
1192 1609 1232 1640 ad
1255 1609 1316 1640 hoc
1339 1613 1466 1650 tempus
1489 1609 1671 1650 neglectam
1693 1610 1802 1642 fuisse.

223 1663 306 1695 Clar.
330 1663 467 1695 Ricardo
491 1663 598 1695 Greeff
618 1663 763 1704 zoologo,
787 1664 890 1694 amieo
915 1664 1189 1704 conjunctissimo,
1213 1664 1297 1696 hanc
1319 1665 1456 1705 speciem
1481 1665 1619 1697 dicatam
1643 1677 1712 1697 esse
1734 1666 1830 1698 volui.

310 1760 441 1801 Tapes
471 1759 662 1800 (Cuneus)
691 1761 1036 1802 Philippinarum
1060 1762 1096 1792 A.
1121 1763 1270 1794 Adams
1294 1767 1332 1795 et
1356 1764 1490 1795 Reeve
1513 1763 1685 1803 (Venus).

282 1827 352 1854 Zool.
373 1828 436 1861 Voy.
456 1828 609 1861 Samarang
627 1827 699 1854 Moli.
719 1836 781 1862 pag.
803 1828 843 1854 79.
864 1828 930 1855 Tab.
949 1829 990 1855 22.
1011 1829 1056 1862 fig.
1078 1831 1117 1856 10.
1155 1830 1266 1856 Venus
1291 1830 1481 1857 decussata
1505 1839 1571 1857 var.
1596 1831 1769 1865 Japonica
1794 1831 1932 1857 Dunker

324 1870 397 1897 Mon.
415 1870 511 1904 Japon.
530 1879 592 1904 pag.
611 1870 652 1897 26.
689 1871 801 1897 Venus
824 1871 947 1897 Indica
975 1872 1074 1899 Hanl.
1102 1872 1210 1907 Tapes
1228 1873 1417 1907 Japonicus
1441 1876 1475 1899 et
1503 1873 1805 1900 semidecussatus
1830 1874 1930 1901 Des-h.

325 1913 434 1947 Tapes
463 1912 708 1940 denticulatus
738 1913 899 1947 Sowerby
925 1914 1002 1941 Thes.
1031 1916 1081 1942 vol.
1103 1916 1126 1942 2.
1151 1924 1213 1950 pag.
1239 1916 1296 1942 694.
1325 1915 1467 1943 Tab.150.
1495 1916 1540 1949 fig.
1562 1916 1618 1942 114.
1661 1916 1768 1950 Tapes
1793 1916 1930 1942 ducalis

324 1956 478 1982 Roemeri
498 1957 617 1982 varietas
629 1959 672 1982 est
686 1957 813 1983 concinne
828 1957 939 1984 lineata.
977 1958 1048 1984 Clar.
1068 1957 1193 1985 Adams
1214 1960 1342 1985 Venerem
1354 1959 1578 1993 Philippinarurn,
1597 1958 1754 1992 Japonicam
1767 1960 1795 1985 et
1808 1958 1928 1985 Indicam

324 2007 371 2033 pro
390 1999 470 2025 meris
488 1999 627 2033 speciebus
647 1998 739 2026 habet.

222 2058 337 2090 Testae
374 2070 456 2100 quae
491 2062 622 2091 exstant
658 2061 818 2092 maximae
848 2071 950 2100 usque
980 2061 1021 2091 ad
1045 2061 1088 2092 60
1111 2062 1186 2092 mill.
1223 2062 1337 2103 longae
1367 2074 1386 2093 a
1409 2062 1528 2093 Venere
1561 2061 1731 2093 decussata
1765 2061 1929 2102 Europaea

63 2114 199 2146 Linnaei
221 2115 276 2145 vix
299 2115 512 2146 secernendae
533 2115 612 2146 mihi
644 2115 802 2147 videntur.
850 2116 1000 2148 Fortasse
1031 2116 1110 2148 haec
1141 2117 1263 2158 species
1294 2118 1515 2158 permutabilis
1546 2117 1592 2148 nil
1622 2120 1671 2149 est
1701 2117 1764 2148 nisi
1792 2117 1930 2148 varietas

65 2170 216 2211 ejusdem.
263 2170 312 2201 Ad
331 2170 486 2210 judicium
510 2173 632 2202 certum
656 2171 687 2202 in
712 2171 772 2202 hac
796 2172 985 2212 quaestione
1009 2173 1245 2213 assequendum
1269 2173 1425 2204 bestiolae
1454 2174 1623 2214 utriusque
1655 2173 1796 2204 conchae
1826 2172 1926 2203 Euro-

65 2236 163 2266 paeae
185 2229 218 2258 et
240 2226 369 2257 Indicae
390 2226 625 2267 investigentur
647 2237 776 2258 necesse
799 2230 857 2258 est.

221 2275 303 2313 Clar.
327 2281 465 2313 Lischke
487 2281 526 2313 de
548 2281 609 2312 hae
632 2282 765 2324 concha,
798 2293 879 2323 quae
902 2283 1037 2323 -Japanis
1060 2287 1109 2314 est
1132 2284 1224 2315 cibus
1248 2285 1356 2324 magni
1388 2285 1588 2321 aestimatus,
1612 2288 1643 2315 et
1666 2284 1706 2315 ab
1731 2284 1771 2315 iis
1798 2282 1927 2324 „Asari“

69 2336 265 2374 nominatur,
288 2337 446 2368 uberrime
465 2337 531 2378 jam
555 2337 707 2368 disseruit
730 2337 762 2368 in
785 2337 872 2369 Mon.
896 2338 967 2378 Jap.
994 2338 1054 2369 vol.
1082 2340 1108 2369 1.
1133 2350 1205 2380 pag.
1232 2341 1302 2371 115.
1328 2344 1360 2371 et.
1382 2340 1443 2371 vol.
1469 2340 1497 2371 3.
1521 2350 1594 2380 pag.
1620 2339 1669 2370 78.

580 2434 713 2475 Tapes
745 2434 937 2476 (Cuneus)
970 2437 1219 2477 variegatus
1250 2438 1418 2479 Hanley.

273 2501 291 2527 S
301 2509 368 2527 owe
378 2509 390 2527 r
399 2501 416 2527 b
425 2509 443 2535 y
463 2501 540 2528 Thes.
562 2502 612 2528 vol.
633 2501 656 2528 2.
677 2509 738 2536 pag.
759 2502 818 2528 696.
838 2502 903 2529 Tab.
926 2503 982 2529 151.
1001 2503 1046 2536 fig.
1069 2503 1211 2530 13:3-138.

222 2561 403 2602 Specimina
424 2562 549 2593 minora
571 2565 702 2594 exstant
724 2566 809 2594 testa
832 2563 1087 2604 ovato-elliptica
1110 2565 1407 2605 compressiuscula,
1431 2565 1564 2597 costulis
1592 2565 1796 2597 radiantibus
1824 2565 1929 2596 subti-

64 2617 198 2649 lioribus
222 2617 473 2658 subaequalibus
496 2617 538 2649 ab
561 2617 771 2649 antecedente
794 2618 886 2650 facile
910 2619 1148 2659 distinguenda.
1195 2620 1377 2661 Specimina
1401 2621 1598 2652 collectionis
1621 2624 1759 2659 nostrae,
1784 2631 1866 2660 quae
1888 2631 1927 2651 ex

64 2671 260 2714 Philippinis
284 2677 316 2704 et
337 2673 418 2704 Java
442 2673 558 2704 insulis
581 2674 734 2713 originem
759 2673 893 2713 ducunt,
919 2675 1015 2715 duplo
1040 2674 1104 2705 fere
1128 2676 1248 2716 majora
1272 2680 1359 2707 sunt.
