2317 3387
1182 325 1223 329 --
1267 308 1394 340 53—

530 394 705 433 Hakodate,
729 393 923 433 Yokohama,
947 394 1077 427 Simoda
1101 394 1149 433 (A.
1175 393 1314 434 Adams).

531 450 615 481 Haec
638 449 758 491 species
780 451 962 491 praeserl'zm
987 462 1003 481 e
1025 450 1103 481 mari
1127 449 1278 481 Chinensi
1301 448 1438 480 afferma.

975 544 1131 576 Dolium
1162 544 1420 575 luteostoma
1450 542 1604 573 Kfister.

577 611 684 638 Chemn.
703 612 799 638 Conch.
819 612 883 638 Cab.
903 611 942 638 ed.
963 612 1009 638 alt.
1029 612 1079 638 vol.
1098 611 1121 638 3.
1141 619 1201 645 pag.
1221 611 1262 637 66.
1281 610 1345 637 Tab.
1365 609 1406 636 58.
1443 610 1574 635 Doliurn
1602 609 1804 643 Japonicum
1831 609 1909 635 Dkr.
1938 609 2004 635 Nov.
2024 609 2120 636 Conch.
2148 617 2208 644 pag.

629 655 685 680 104.
711 654 793 681 l‘abb.
813 655 853 682 35.
873 657 901 681 et
918 655 960 682 36.
980 655 1122 689 (specimen
1142 653 1309 689 pergrande).
1349 653 1483 679 Dolium
1509 652 1725 685 variegatam
1754 660 1818 678 var.
1848 651 1974 678 Kaster
1998 659 2028 678 ex
2053 655 2129 686 parte
2157 660 2209 678 non

627 697 715 724 Lam.
735 697 878 723 Lischke
895 697 955 732 Jap.
974 698 1009 724 M.
1030 696 1126 723 conch.
1145 697 1196 723 vol.
1217 698 1238 723 1.
1258 704 1318 730 pag.
1339 696 1378 722 65.
1399 695 1447 721 vol.
1467 695 1490 721 2.
1510 703 1571 729 pag.
1591 695 1631 721 57.

530 757 614 789 Haec
638 757 766 789 cochlea
789 759 820 790 in
844 759 922 789 mari
945 758 1099 799 Japonieo
1130 757 1209 788 satis
1237 756 1383 797 frequens
1415 767 1483 787 esse
1516 755 1648 786 videtur.
1694 755 1788 786 Plura
1822 755 1994 796 specimina
2026 755 2213 796 praesertim

373 814 499 854 juniora
523 816 650 844 exstam
674 813 776 845 colore
799 817 829 844 et
854 814 976 855 pictura
999 813 1171 845 variabilia.

529 868 709 910 Specimina
732 868 929 901 collectionis
961 873 1087 901 nostrae
1110 880 1148 900 ex
1172 871 1261 909 parte
1285 868 1497 907 integerrima,
1528 867 1717 908 epidermide
1750 867 1938 898 tenuissima
1971 866 2211 898 membranacea

372 925 509 956 obducta
538 927 623 956 sunt.
668 925 793 956 Dolium
828 925 1019 956 luteostoma
1042 924 1167 955 Kusteri
1191 924 1222 954 in
1247 923 1431 954 varietatem
1455 923 1603 954 rariorem
1626 922 1793 954 fundatum
1818 925 1874 953 est.
1933 921 2047 953 Exstat
2083 931 2214 962 quoque

379 981 515 1012 varietas
539 991 703 1021 perparum
728 981 884 1012 maculata
907 991 1006 1021 paene
1028 980 1169 1011 unicolor
1192 978 1289 1010 fusca.

938 1074 1097 1106 Dolium
1127 1074 1268 1115 perdix
1296 1072 1377 1104 Lin.
1409 1072 1657 1112 (Bne-einum).

578 1142 648 1175 Syst.
663 1141 776 1167 Nat.ed.
792 1142 830 1168 10.
841 1150 901 1176 pag.
917 1142 972 1168 7:34.
1010 1142 1092 1168 Testa
1111 1144 1191 1167 ovata
1213 1141 1317 1172 inflata,
1336 1139 1491 1166 subsulcata
1508 1142 1536 1165 et
1555 1139 1615 1165 albo
1635 1139 1775 1169 undulata.
1793 1142 1920 1174 apertura
1938 1139 2072 1165 edentula.
2111 1139 2212 1165 Coch-

625 1185 676 1210 lea
697 1187 846 1219 pennata
868 1185 1026 1219 Rurnphii
1046 1185 1111 1211 Mus.
1131 1184 1195 1210 Tab.
1217 1184 1256 1210 27.
1276 1184 1320 1215 fig.
1336 1184 1363 1209 (f.
1385 1183 1453 1216 (icon
1472 1181 1545 1208 rudis
1564 1183 1746 1208 sinistrorsum
1765 1183 1839 1216 picta
1852 1184 1882 1208 nt
1895 1189 1984 1207 omnes
2004 1181 2082 1217 huius
2101 1181 2210 1207 tabulae

626 1228 737 1260 figurae.
756 1227 801 1253 sed
820 1227 886 1253 bene
905 1226 1105 1261 cognoscenda).

529 1287 655 1328 Species
679 1288 826 1328 frequens
849 1292 878 1320 et
903 1289 965 1320 late
989 1289 1138 1329 dispersa.

524 1344 610 1381 Quae
632 1355 671 1375 ex
694 1344 823 1375 Antillis
845 1344 957 1375 insulis
980 1344 1189 1384 adportantur
1221 1343 1404 1384 specimina,
1437 1342 1537 1374 multo
1560 1342 1683 1373 minora
1705 1352 1772 1373 esse
1794 1341 1908 1379 solent,
1931 1343 2093 1382 praeterea
2114 1340 2212 1372 sulcis

375 1400 632 1440 profundioribus
667 1400 815 1431 differunt
850 1411 908 1431 nec
942 1411 1004 1431 non
1038 1400 1170 1431 maculis
1193 1399 1274 1431 albis
1303 1399 1374 1440 plus
1403 1399 1547 1430 minusve
1577 1398 1740 1438 quadratis
1762 1400 1817 1428 aut
1841 1396 2010 1428 tessellatis
2033 1399 2063 1428 et
2087 1396 2211 1437 pictura

378 1455 538 1496 languida.
583 1455 712 1487 Pictura
735 1467 808 1487 vero
831 1456 1047 1496 speciminum,
1071 1466 1151 1496 quae
1175 1466 1214 1486 ex
1238 1455 1351 1486 insulis
1374 1454 1539 1485 Amboinis
1569 1454 1744 1494 ceterisque
1771 1452 1884 1484 insulis
1911 1451 2120 1484 orientalibus
2149 1452 2210 1483 ori-

374 1512 480 1551 ginem
497 1511 626 1549 ducunt⁷
644 1511 675 1542 in
692 1511 836 1543 anfractu
860 1511 972 1543 ultimo
996 1522 1118 1551 semper
1134 1513 1181 1542 est
1198 1513 1336 1551 pennata
1352 1512 1384 1542 et
1399 1511 1540 1541 vividior.
1587 1509 1667 1540 Clar.
1684 1508 1792 1540 Morch
1815 1508 1946 1540 formam
1970 1508 2052 1539 Dolii
2076 1508 2210 1548 perdicis

371 1567 524 1600 minorem
560 1567 816 1598 denominatione
846 1567 928 1598 Dolii
959 1567 1089 1607 pennati
1122 1566 1252 1598 Martini
1274 1567 1307 1597 in
1332 1566 1400 1598 Cat.
1426 1565 1543 1598 Conch.
1567 1565 1693 1597 comitis
1715 1565 1753 1596 de
1775 1564 1868 1596 Yoldi
1890 1575 1961 1605 pag.
1988 1563 2058 1595 110.
2083 1574 2210 1595 enume-

377 1623 468 1656 ravit.
492 1622 546 1653 sed
569 1622 697 1654 Martini
721 1623 871 1654 minorem
896 1626 928 1654 et
950 1623 1100 1663 majorem
1122 1623 1308 1654 varietatem
1332 1622 1499 1663 conjunxit
1521 1621 1652 1662 (Coneh.
1670 1621 1746 1652 Cab.
1763 1621 1823 1652 vol.
1840 1620 1869 1652 3.
1886 1621 1938 1660 fig.
1958 1619 2039 1651 1078
2056 1623 2087 1651 et
2104 1619 2209 1660 1079),

373 1689 486 1709 nomen
512 1677 664 1709 Cochleae
687 1682 844 1719 pennatae
869 1678 1016 1719 Rumphii
1039 1679 1225 1719 adjungens,
1249 1689 1329 1719 quae
1353 1682 1399 1709 est
1423 1678 1595 1709 Buccinum
1619 1677 1730 1718 perdix
1752 1676 1893 1708 Linnaei.

813 1781 967 1813 Dolium
997 1781 1189 1823 (Gadium)
1221 1792 1370 1823 pomum
1400 1781 1482 1812 Lin.
1515 1779 1765 1821 (Buccinum).

575 1849 641 1874 Mus.
661 1848 726 1874 Lud.
750 1849 803 1875 L'lr.
830 1857 889 1882 pag.
914 1850 971 1876 600.
999 1849 1069 1883 Syst.
1088 1849 1152 1875 Nat.
1171 1848 1211 1875 ed.
1233 1848 1270 1874 12.
1290 1857 1351 1882 pag.
1380 1847 1451 1874 1197.
1489 1847 1650 1881 Rumphii
1677 1847 1744 1873 Mus.
1773 1845 1837 1872 Tab.
1861 1846 1902 1872 27.
1928 1847 1973 1879 fig.
2000 1846 2028 1872 B.
2065 1846 2208 1872 Martini

624 1891 720 1917 eouch.
741 1891 806 1918 Cab.
827 1892 877 1918 vol.
897 1892 919 1918 2.
939 1900 1000 1926 pag.
1019 1893 1058 1918 58.
1078 1893 1123 1925 fig.
1142 1892 1199 1918 370.
1219 1892 1276 1917 371.
1314 1890 1429 1917 Cassis
1457 1890 1605 1916 labrosa.
1642 1889 1802 1916 Larnarck
1830 1889 1910 1915 anim.
1939 1897 2000 1915 sans
2026 1891 2093 1915 vert.
2122 1888 2162 1915 ed.
2185 1888 2208 1915 2.

626 1933 675 1960 vol.
698 1934 735 1960 10.
756 1942 816 1968 pag.
838 1935 893 1960 143.

530 1994 700 2035 Exemplar
719 1995 830 2035 junius
852 2000 956 2026 exstat
981 2007 1019 2026 ex
1042 1995 1179 2036 Japonia
1201 1995 1341 2026 allatum.

530 2049 664 2082 Cochlea
687 2051 719 2081 in
744 2050 869 2082 Oceano
892 2051 1009 2089 Indico„
1032 2052 1064 2082 in
1088 2050 1201 2082 insulis
1224 2051 1415 2092 Philippinis
1437 2050 1572 2090 aliisque
1593 2050 1685 2081 terris
1706 2048 1792 2080 haud
1814 2059 1892 2080 rara.

1004 2196 1127 2230 Genus
1149 2196 1352 2239 Ringicula
1375 2195 1577 2239 Deshayes.

990 2274 1215 2315 Ringicula
1245 2278 1413 2306 arctata
1443 2273 1585 2306 Gould.

575 2341 649 2367 Proe.
675 2341 747 2367 nost.
774 2342 830 2368 Soc.
857 2341 918 2368 Nat.
947 2342 1016 2368 Hist.
1036 2342 1086 2368 vol.
1106 2342 1128 2368 7.
1149 2342 1222 2368 1860.
1249 2350 1308 2376 pag.
1329 2341 1388 2367 325.
1425 2341 1571 2367 Lischke
1597 2339 1657 2374 Jap.
1676 2340 1711 2366 M.
1732 2339 1829 2366 Conch.
1849 2339 1899 2365 vol.
1919 2338 1942 2364 2.
1961 2346 2021 2372 pag.
2042 2337 2081 2364 78.
2101 2337 2165 2364 Tab.
2184 2337 2213 2363 5..

624 2385 668 2417 rig.
690 2386 730 2411 16.
753 2385 791 2411 17.
812 2393 899 2418 magn.
919 2391 1005 2411 aucta.

526 2446 594 2477 Duo
617 2446 790 2486 specimina
812 2446 853 2477 ad
876 2445 1036 2486 Nagasaki
1059 2446 1149 2477 lecta.

990 2541 1213 2582 Ringicula
1243 2540 1415 2571 doliaris
1446 2538 1585 2570 Gould.

578 2608 650 2635 Proc.
670 2608 744 2635 Bost.
764 2609 820 2635 Soc.
840 2607 903 2635 Nat.
923 2608 993 2635 Hist.
1014 2609 1089 2635 1860.
1110 2616 1170 2642 pag.
1189 2608 1247 2634 324.
1283 2607 1346 2633 otia
1368 2606 1439 2632 1862.
1459 2613 1516 2640 pag.
1539 2605 1593 2631 121.

524 2670 698 2704 Hakodaxe.

524 2726 607 2757 Haec
630 2726 748 2766 species
771 2725 974 2756 desideratur.
