2379 3382
888 273 928 277 --
974 255 1036 286 247
1080 273 1122 277 —

702 341 921 372 Plicatula
953 341 1128 381 simplex
1161 341 1303 372 Gould.

286 408 349 434 Otia
370 408 458 435 conch.
480 416 540 442 pag.
563 409 617 435 178.

232 470 266 500 ln
291 470 363 500 sinu
388 480 483 510 prope
506 469 719 510 Kago-shima
746 469 829 500 haud
854 480 932 500 rara.

648 563 860 606 Plicatula
893 563 1102 594 muricata
1134 563 1169 593 A.
1203 563 1358 595 Adams.

836 631 901 657 Tab.
922 634 1013 657 nostra
1035 633 1072 657 11.
1092 631 1137 664 fig.
1156 631 1179 657 4.

233 692 398 732 specimen
423 693 581 732 integrum
605 693 803 724 collectionis
828 692 1074 723 Loobeckeanae
1105 692 1156 723 hic
1185 693 1326 733 depinxi,
1363 695 1447 734 quod
1485 695 1688 735 descriptioni
1721 695 1930 726 Adamsianae

77 760 97 779 a
121 748 241 779 Reeveo
269 749 423 789 repetitae
446 749 572 789 quidem
597 749 776 789 respondet.
803 748 856 779 sed
880 750 933 788 fig.
957 748 976 778 9
994 759 1020 779 a.
1047 749 1076 779 b.
1101 753 1185 780 certe
1217 749 1312 780 aliam
1344 750 1477 790 speciem
1510 755 1733 791 repraesentat.
1787 751 1931 791 Descrip-

77 804 197 835 tionem
223 804 363 835 Adamsii
387 804 573 844 originalem
598 804 712 835 nullibi
737 804 878 834 invenire
902 805 1000 844 potui.

736 897 954 928 Plicatula
984 897 1157 929 horrida
1187 899 1278 930 Dkr.

389 964 454 991 Tab.
473 966 565 990 nostra
587 965 625 991 11.
646 964 692 998 fig.
712 965 735 991 6.
756 964 834 990 valva
853 966 981 999 superior,
1000 966 1044 999 fig.
1065 967 1087 992 7.
1107 966 1187 991 valva
1206 965 1314 991 inferior
1333 965 1445 992 alterins
1463 967 1622 1000 speciminis.

233 1025 328 1057 Testa
351 1028 446 1057 ovata
467 1026 517 1057 vel
540 1026 749 1064 subrotmda,
774 1026 872 1057 costis
894 1028 1019 1058 octonis
1044 1027 1093 1058 vel
1116 1027 1249 1058 novenis
1272 1027 1444 1068 angulatis,
1467 1027 1617 1069 striisque
1647 1029 1832 1060 incrementi
1856 1029 1931 1060 sub-

78 1081 246 1113 lamellatis
264 1081 430 1120 instructa,
446 1082 588 1122 squamis
605 1083 717 1113 erectis
734 1082 837 1113 acutis
853 1081 1008 1114 fistulosis
1024 1083 1168 1121 horridag
1193 1082 1278 1114 color
1294 1083 1386 1114 albus
1403 1084 1452 1114 vel
1468 1084 1620 1123 flavidus3
1644 1087 1750 1115 costae
1770 1085 1927 1116 interdum

78 1137 167 1168 fusco
194 1137 323 1169 tinctae.

232 1192 435 1235 Exemplaria
458 1197 588 1226 exstant
611 1205 628 1225 e
650 1194 728 1225 mari
752 1194 907 1234 Japonico
933 1196 963 1225 et
987 1193 1149 1225 Chinensi.

232 1248 318 1281 Haec
341 1250 497 1282 conchula
518 1250 689 1282 varietates
718 1249 889 1281 nonnullas
913 1250 998 1281 illius
1022 1250 1137 1290 speciei
1160 1250 1193 1281 in
1217 1253 1356 1282 mentem
1378 1253 1482 1287 vocat,
1506 1261 1603 1291 quam
1625 1251 1698 1282 clar.
1723 1251 1873 1293 Sowerby
1897 1253 1930 1283 in

79 1305 173 1337 Thes.
198 1304 316 1337 Conch.
340 1306 401 1338 vol.
427 1307 455 1337 1.
478 1316 550 1347 pag.
575 1306 647 1337 437.
673 1306 802 1337 nomine
835 1306 1011 1337 Plicatulae
1045 1306 1232 1338 imbricatae
1261 1306 1389 1338 Menkei
1413 1306 1516 1348 (Spec.
1541 1306 1626 1338 Moll.
1650 1306 1728 1338 Nov.
1753 1307 1834 1339 Holl.
1859 1319 1929 1349 pag.

78 1362 142 1401 35.)
167 1362 334 1402 descripsit
357 1365 389 1393 et
411 1362 488 1394 Tab.
514 1362 563 1393 90.
587 1362 639 1403 fig.
663 1362 693 1392 6.
718 1362 899 1399 delineavit,
924 1372 1005 1402 quae
1027 1373 1101 1394 vero
1125 1362 1241 1394 differt.

233 1418 390 1449 Plicatula
424 1418 590 1449 imbricata
614 1418 702 1449 Koch
726 1421 757 1449 et
782 1418 856 1449 Dkr.
881 1420 929 1449 est
953 1418 1073 1459 ¹species
1096 1429 1113 1449 e
1136 1418 1326 1450 formatione
1361 1421 1504 1450 cretacea
1538 1418 1684 1450 inferiore
1719 1419 1837 1451 fossilis
1865 1421 1930 1461 jam

77 1477 172 1504 antea
195 1474 404 1515 promulgata.

745 1559 959 1591 Plicatula
988 1570 1141 1600 rugosa
1169 1559 1259 1590 Dkr.

831 1627 896 1654 Tab.
917 1630 1010 1654 nostra
1030 1629 1068 1653 11.
1088 1627 1134 1660 fig.
1154 1628 1177 1654 5.

285 1669 384 1697 Malak.
403 1670 444 1697 Bl.
464 1671 514 1697 vol.
534 1670 573 1697 24.
593 1678 654 1705 pag.
675 1671 715 1696 72³.
1313 1677 1330 1693 ι.

231 1732 327 1764 Testa
349 1732 608 1773 oblongo-ovata,
645 1732 800 1764 umbones
824 1743 933 1764 versus
957 1732 1196 1771 subattenuata,
1231 1732 1472 1773 inaequivalvis‚
1504 1733 1596 1764 valva
1626 1734 1768 1774 superior
1791 1734 1933 1775 planius-

78 1789 158 1827 cula,
182 1799 298 1829 rugosa
322 1791 353 1820 et
377 1799 558 1826 cavernosa,
582 1788 711 1820 inferior
745 1799 904 1828 convexag
934 1789 1026 1820 valva
1047 1791 1183 1829 utraque
1206 1788 1298 1828 plicis
1324 1788 1551 1828 irregularibus
1574 1790 1709 1830 rugosis,
1732 1791 1850 1831 passim
1873 1790 1932 1822 im-

77 1845 210 1877 bricatis
232 1845 406 1883 instructa3
430 1845 585 1876 umbones
609 1845 808 1876 dextrorsum
834 1845 995 1883 inclinati3
1021 1845 1106 1876 color
1129 1844 1221 1876 albus
1246 1844 1334 1876 fusco
1358 1845 1548 1885 variegatus.
1573 1863 1614 1867 -—
1639 1846 1700 1877 Alt.
1718 1845 1759 1877 34
1775 1846 1852 1877 mill.
1875 1847 1929 1878 lat.

77 1900 127 1939 20,
152 1912 247 1933 crass.
273 1902 322 1932 11.

231 1957 336 1989 Unum
359 1959 487 1989 tantum
511 1957 669 1997 specimen
695 1960 811 1995 exstat,
835 1957 988 1998 plicarum
1013 1961 1128 1988 natura
1151 1960 1183 1988 et
1206 1957 1312 1988 indole
1335 1969 1353 1989 a
1376 1957 1542 1999 speciebus
1565 1958 1604 1989 ad
1627 1957 1687 1989 hoc
1702 1960 1828 1999 tempus
1845 1959 1928 1990 notis

77 2013 269 2055 discrepans.
316 2014 395 2045 Cum
419 2024 492 2045 vero
515 2013 741 2044 Plicatularum
766 2014 888 2054 species
911 2014 1067 2054 quaedam
1091 2013 1262 2045 admodum
1285 2013 1455 2045 variabiles
1477 2025 1546 2045 esse
1562 2014 1684 2045 soleant
1701 2015 1784 2046 sicut
1799 2014 1930 2046 ostreae

77 2069 204 2109 affixae,
228 2070 357 2101 difficile
381 2072 428 2101 est
452 2069 629 2111 dijudicatu
651 2080 727 2101 num
751 2069 917 2100 habendae
940 2070 1004 2100 sint
1030 2080 1085 2109 pro
1109 2069 1328 2108 varietatibus,
1351 2080 1392 2101 an
1409 2080 1482 2101 vero
1498 2081 1555 2111 pro
1571 2070 1736 2111 speciebus
1759 2070 1929 2102 distinctis.

877 2228 1139 2274 Anomiaoea.

799 2345 924 2380 Genus
945 2345 1106 2380 Anomia
1127 2345 1208 2380 Lin.

669 2423 841 2456 Anomia
873 2424 1113 2466 ephippium
1143 2425 1225 2457 Lin.
1256 2437 1334 2457 var.

232 2492 335 2524 Huius
358 2494 473 2535 speciei
495 2494 559 2525 late
582 2493 742 2535 dispersae
767 2494 829 2525 duo
853 2494 1027 2534 specimina
1052 2493 1175 2525 Cassidi
1199 2495 1354 2535 strigatae
1370 2493 1543 2525 insidentia
1559 2496 1687 2525 exstant
1704 2496 1927 2525 ovato-rotun-

78 2548 154 2580 data
179 2548 346 2589 pellucida‚
369 2549 484 2581 obtuse
507 2549 784 2590 irregulariterque
813 2552 947 2588 eostata,
971 2561 1088 2590 rugosa
1112 2553 1143 2581 et
1165 2560 1312 2590 granosa,
1337 2550 1440 2582 colore
1463 2550 1611 2581 succineo
1633 2549 1745 2587 tincta,
1769 2560 1850 2589 quae
1872 2560 1927 2581 va-

78 2604 175 2636 rietas
197 2604 340 2637 Linnaeo
363 2608 430 2637 erat
455 2606 588 2637 Anomia
611 2606 766 2638 electrica.
814 2606 979 2638 Praeterea
1003 2606 1131 2646 singula
1154 2606 1246 2637 valva
1269 2617 1411 2638 convexa
1441 2609 1537 2646 atque
1566 2608 1689 2637 costata
1718 2606 1817 2643 adest,
1848 2617 1929 2646 quae

78 2660 201 2692 Pectini
225 2661 350 2693 cuidam
378 2662 475 2693 affixa
497 2662 594 2694 fuisse
617 2663 752 2694 videtur.
776 2665 811 2693 ut
835 2662 933 2694 costis
957 2662 1157 2693 radiantibus
1190 2662 1308 2702 quibus
1340 2661 1476 2699 excellit,
1509 2662 1678 2702 conjectari
1708 2664 1822 2702 potest,
1854 2672 1925 2692 nam
