2317 3387
1151 273 1386 304 -106—

740 358 1031 399 Trichotropis
1062 358 1256 399 (Iphinoe)
1288 359 1632 399 quadricarinata
1661 358 1696 389 A.
1728 358 1793 390 Ad.

554 427 620 452 Anu.
641 426 712 459 Mag.
732 426 800 459 Aug.
822 426 894 452 18⁶1.
914 434 975 460 pag.
996 426 1052 452 135.
1089 426 1165 453 Sow.
1185 425 1261 452 Thes.
1282 425 1346 452 Tab.
1366 425 1423 452 ⁴285.
1443 426 1487 457 fig.
1510 427 1546 451 15.
1568 426 1606 452 16.

506 487 719 518 Mino-shima.
766 487 951 518 A.A‹1ams.

502 543 586 573 Haec
610 543 730 583 species
753 541 956 573 desideratur.

1135 656 1399 702 Gerithiaoea.

983 763 1106 797 Genus
1130 763 1336 798 Cerithium
1360 764 1548 798 Adanson.

898 840 1124 873 Cerithium
1160 842 1403 874 Guinaicum
1437 842 1630 882 Philippi.

557 907 663 933 Abbild.
686 907 734 934 vol.
755 908 777 934 3.
803 916 863 941 pag.
883 909 905 934 5.
927 909 965 934 17.
991 908 1055 935 Tab.
1077 909 1098 935 1.
1118 909 1162 942 fig.
1187 910 1225 936 13.
1262 910 1418 944 Sowerby
1446 910 1522 936 Thes.
1550 909 1645 935 Coneh.
1674 908 1724 934 vol.
1748 908 1771 934 2.
1801 915 1861 941 pag.
1891 907 1949 933 866.
1975 908 2019 940 fig.
2049 906 2104 933 126.
2135 906 2190 934 127.

609 950 781 983 Vertagus
802 951 983 977 Guinaicus
1002 951 1034 978 H.
1054 954 1081 977 ct
1100 952 1130 978 A.
1150 951 1248 978 Adams
1268 952 1334 978 Gen.
1354 953 1382 979 of
1397 961 1447 979 rec.
1468 953 1539 979 Mon.
1559 952 1608 979 vol.
1630 953 1650 978 1.
1670 960 1731 986 pag.
1749 951 1806 977 285.

503 1011 612 1042 Icones
636 1010 866 1052 Sowerbyanae
889 1013 1002 1043 melius
1026 1013 1056 1043 in
1081 1013 1239 1053 specimen
1265 1016 1408 1044 nostrum
1432 1013 1590 1053 quadrant
1614 1023 1709 1052 quam
1738 1012 1839 1052 figura
1868 1010 2079 1052 Philippiana,
2111 1021 2192 1051 quae

351 1069 456 1098 costas
491 1067 572 1098 infra
606 1069 748 1098 suturam
780 1067 908 1098 minime
937 1068 1129 1109 interruptas
1160 1069 1308 1100 ostendit.
1356 1068 1418 1099 Sed
1455 1068 1527 1099 clar.
1557 1068 1696 1109 Philippi
1720 1068 1753 1098 in
1778 1066 1983 1098 describenda
2007 1066 2066 1097 hac
2089 1066 2192 1107 specie

350 1123 471 1154 sulcum
495 1122 583 1153 illum
607 1124 831 1160 transvorsum,
856 1134 918 1164 quo
943 1126 1049 1155 costae
1072 1124 1267 1164 interruptae
1290 1128 1452 1165 apparent,
1476 1124 1580 1155 verbis
1617 1123 1781 1164 „anfractu
1803 1123 1914 1154 ultimo
1944 1121 2026 1153 infra
2049 1124 2192 1153 suturam

351 1178 530 1209 coarctat&
553 1178 617 1217 jam
643 1179 804 1210 indicavit.

505 1233 589 1265 Haec
612 1234 732 1275 species
755 1236 787 1265 et
810 1235 841 1265 in
865 1234 938 1265 sinu
963 1234 1134 1266 Guineensi
1159 1235 1211 1275 (ad
1235 1234 1348 1266 Gabon
1371 1237 1454 1266 teste
1477 1233 1669 1275 Largilliert)
1703 1234 1873 1265 invenitur.
1921 1233 2060 1265 Cerithio
2094 1232 2192 1264 Medi-

352 1291 496 1320 terraneo
519 1289 702 1329 Deshayesii
727 1289 833 1329 aliqua
856 1301 894 1321 ex
918 1292 1007 1331 parte
1030 1290 1135 1321 affinis
1159 1294 1215 1322 est.

899 1374 1130 1407 Cerithium
1165 1375 1404 1407 echinatum
1439 1375 1641 1407 Lamarck.

557 1441 642 1467 Anim.
670 1449 732 1467 sans
758 1444 824 1468 vert.
853 1442 902 1468 vol.
930 1443 954 1468 9.
984 1451 1044 1476 pag.
1075 1442 1133 1470 291.
1170 1443 1209 1468 So
1221 1442 1331 1476 werby
1359 1443 1434 1470 Thes.
1461 1443 1558 1469 Conch.
1583 1443 1675 1469 v01.2.
1703 1451 1765 1476 pag.
1786 1443 1842 1469 953.
1862 1443 1969 1475 rign-14.
2007 1442 2192 1468 c'erithium

608 1486 777 1510 mutatum
798 1485 953 1518 Sowerby
973 1486 1038 1512 Gen.
1057 1486 1086 1511 os
1101 1485 1194 1512 Shells.
1216 1486 1350 1512 Kienei·
1369 1486 1430 1520 Coq.
1452 1487 1501 1512 viv.
1522 1494 1582 1520 pag.
1606 1487 1629 1512 7.
1648 1485 1712 1512 Tab.
1732 1486 1755 1512 3.
1775 1486 1818 1519 fig.
1843 1487 1861 1512 1.
1883 1487 1921 1512 la.
1962 1486 2071 1511 Reeve
2098 1485 2193 1511 conch.

608 1527 675 1553 icon.
697 1526 844 1553 Cerithium
863 1536 931 1562 spec.
953 1529 991 1554 10.

507 1587 610 1619 Unum
645 1588 802 1629 specimen
838 1589 943 1620 minus
973 1592 1079 1621 exstat
1108 1589 1202 1630 plane
1226 1590 1416 1621 conveniens
1449 1601 1519 1621 cum
1542 1589 1614 1629 illis,
1646 1600 1727 1631 quae
1751 1601 1791 1621 ex
1814 1589 2005 1630 Philippinis
2029 1588 2141 1620 insulis
2164 1591 2196 1620 et

356 1643 447 1675 litore
471 1643 594 1674 Africae
617 1644 780 1676 orientalis
805 1646 1004 1685 proveniunt.

875 1729 1094 1761 Cerithium
1129 1730 1321 1762 columna
1355 1730 1554 1771 Sowerby.
1588 1741 1664 1762 var.

560 1796 636 1822 Thes.
657 1796 753 1823 Coneh.
774 1797 823 1823 vol.
844 1797 867 1823 2.
888 1805 947 1831 pag.
969 1797 1026 1823 855,
1045 1797 1110 1824 Tab.
1132 1798 1188 1824 178.
1208 1799 1252 1832 fig.
1273 1798 1382 1824 55—53.
1420 1798 1526 1823 Reeve
1550 1797 1646 1824 Conch.
1672 1798 1738 1825 icon.
1767 1798 1924 1825 Cerithiuin.
1950 1808 1988 1834 sp.
2008 1799 2031 1826 2.
2051 1809 2085 1822 =
2104 1798 2194 1825 Ceri-

609 1839 722 1865 thium
742 1839 932 1866 echirsatum
954 1841 1108 1867 Kieneri.

510 1900 673 1940 Specimen
698 1912 796 1932 unum
820 1901 961 1932 albidum
986 1901 1081 1932 dense
1105 1904 1260 1942 acuteque
1282 1901 1412 1932 liratum
1428 1901 1459 1932 in
1477 1901 1623 1933 anfractu
1639 1902 1751 1934 ultimo
1770 1903 1855 1934 haud
1871 1903 2035 1935 nodosum.
2069 1903 2197 1945 Species

357 1954 470 1987 habitu
493 1967 529 1987 ac
553 1957 715 1997 sculptura
739 1957 923 1989 inconstans
947 1957 1025 1988 satis
1048 1957 1195 1997 frequens
1219 1959 1250 1988 et
1273 1957 1305 1988 in
1328 1956 1408 1988 Mari
1431 1957 1604 1998 Erythraeo
1629 1958 1762 1999 aliisque
1786 1958 1873 1990 locis.

960 2043 1190 2074 Cerithium
1223 2043 1454 2075 dialeueum
1490 2043 1590 2074 Phil.

561 2100 628 2127 Abb.
648 2101 698 2127 vol.
717 2101 733 2125 3
752 2101 899 2127 Cerithium
919 2109 979 2135 pag.
1001 2102 1038 2128 14.
1059 2101 1122 2128 Tab.
1145 2103 1167 2127 1.
1186 2102 1230 2135 fig.
1250 2103 1272 2128 5.
1293 2102 1437 2128 Lischke
1456 2102 1515 2136 Jap.
1536 2103 1570 2129 M.
1591 2102 1688 2128 Conch.
1709 2102 1758 2128 vol.
1781 2104 1802 2129 1.
1822 2110 1882 2136 pag.
1905 2102 1944 2129 72.

510 2149 680 2189 Nagasaki.

1006 2226 1228 2258 Cerithium
1263 2227 1413 2259 humile
1450 2227 1538 2258 Dkr.

562 2293 633 2319 Moli.
653 2293 712 2327 Jap.
733 2301 792 2327 pag.
812 2293 835 2320 9.
856 2293 919 2320 Tab.
940 2295 963 2320 ⁶2.
983 2294 1027 2327 fig.
1050 2295 1087 2321 17.
1125 2294 1266 2320 Lischke
1285 2295 1344 2329 Jap.
1366 2295 1398 2321 M.
1422 2294 1517 2322 Conch.
1537 2295 1586 2321 vol.
1607 2295 1630 2321 3.
1650 2295 1714 2321 Tab.
1735 2295 1758 2321 3.
1778 2295 1824 2328 fig.
1846 2296 1885 2322 18.

511 2355 605 2386 Plura
628 2355 802 2395 specimina
824 2355 933 2386 illaesa
956 2356 987 2386 in
1013 2355 1107 2386 variis
1130 2355 1284 2396 Japoniae
1307 2356 1384 2387 locis
1407 2356 1534 2396 saepius
1556 2356 1639 2387 lecta
1661 2358 1745 2387 sunt.

1006 2440 1236 2473 Cerithium
1270 2441 1432 2473 Kobelti
1466 2442 1554 2474 Dkr.

1093 2508 1157 2535 Tab.
1177 2510 1270 2535 nostra
1288 2509 1311 2535 4.
1331 2508 1375 2542 fig.
1395 2510 1418 2535 8.
1437 2509 1461 2535 9.

562 2558 661 2584 Malak.
682 2558 721 2585 Bl.
742 2558 799 2585 vol..
819 2557 859 2585 24.
879 2567 938 2592 pag.
960 2559 999 2586 67,

513 2619 606 2651 Testa
630 2619 740 2656 solida,
764 2619 1042 2660 oblongo-turrita,
1066 2620 1226 2659 flavidula,
1249 2621 1400 2659 varicosa‚
1424 2620 1622 2652 anfractibus
1652 2621 1776 2652 octonis
1809 2619 1859 2651 vel
1881 2619 2014 2651 novenis
2048 2619 2200 2651 convexis

359 2676 470 2706 sutura
493 2674 644 2706 distincta
667 2674 818 2715 sejunctis
842 2686 895 2715 per
917 2675 1149 2716 longitudinem
1173 2676 1269 2708 dense
1292 2676 1417 2717 plicatis
1440 2676 1708 2716 transversimque
1731 2676 1832 2707 liratis
1857 2675 1977 2716 asperis
1998 2677 2029 2706 et
2047 2674 2200 2706 nodiferis
