2317 3387
1158 287 1200 292 —
1245 270 1308 300 :210
1352 288 1391 291 -

609 354 668 379 Rec.
688 353 752 379 Tab.
774 354 812 380 11.
832 355 876 387 fig.
898 353 936 379 11.
955 361 1010 379 var.
1029 353 1094 379 lata.
1133 353 1164 380 H.
1184 355 1212 379 et
1230 354 1261 380 A.
1283 353 1410 379 Adams
1436 361 1495 385 gen.
1515 352 1544 378 of
1558 360 1608 378 rec.
1629 352 1701 379 Mon.
1722 352 1771 378 vol.
1791 352 1814 378 2.
1835 360 1895 386 pag.
1915 353 1973 379 439.
1993 353 2057 379 ΤΗΙ).
2080 354 2135 380 109.
2156 355 2200 387 fig.

607 396 630 421 ὃ.
650 398 676 421 et
697 396 744 421 fia.
764 396 859 429 (fornia
877 396 980 430 typica)
999 395 1232 429 Cypricardia
1250 395 1514 422 Hornbeckiana
1533 394 1635 420 worb.

504 457 589 487 Haec
622 456 741 488 concha
773 455 910 487 Corallia
938 459 1118 497 penetrans,
1146 457 1212 496 jam
1243 456 1338 496 longo
1369 467 1408 487 ex
1438 457 1580 495 tempore
1611 455 1643 485 in
1676 455 1790 487 insulis
1821 455 1951 486 Antillis
1983 456 2113 487 iuventa
2143 459 2201 487 est.

350 512 550 552 Exemplar-ia
574 514 682 542 nostra
705 511 860 551 Japonica
883 511 962 542 nihil
987 511 1138 542 differunt
1160 511 1201 542 ab
1225 511 1274 548 iis,
1312 521 1393 551 quae
1417 511 1530 541 beatus
1556 509 1726 541 Hornbeck
1742 510 1774 540 in
1792 510 1896 541 insula
1913 509 2024 542 Sancti
2040 511 2203 542 Thomasii

350 567 509 607 quondam
533 567 611 606 legit
634 568 664 596 et
687 577 810 597 mecum
835 566 1090 597 communicavit.

877 675 1002 709 Genus
1025 674 1246 716 Trapezium
1269 673 1363 715 Meg.
1388 673 1434 707 de
1456 673 1667 708 Miihlfeldt.
1705 657 1713 661 '

771 752 1014 792 Trapezium
1039 752 1289 783 vellicatum
1313 751 1442 782 Reeve
1466 750 1776 792 (Cypricardia).

555 819 627 844 Proc.
648 819 716 844 2001.
737 820 792 844 Soc.
815 819 887 844 1343.
925 818 1020 844 Conch.
1041 819 1107 844 icon.
1129 818 1177 844 vol.
1200 820 1221 843 1.
1240 826 1307 851 spec.
1330 819 1351 843 7.
1373 818 1440 850 (icon
1462 826 1477 843 a
1496 819 1638 852 specimine
1658 819 1788 851 giganteo
1809 818 1933 844 desumta
1953 818 2013 850 cst).

504 879 588 910 Haec
612 880 732 910 concha
756 890 811 919 pro
836 881 941 910 aetate
964 879 1177 919 maximopere
1201 879 1302 909 variat
1319 879 1441 910 habitu.
1489 878 1655 918 Specimen
1676 880 1838 910 vetustum
1858 878 2057 910 collectionis
2074 880 2202 909 nostrae

348 935 456 965 multis
480 934 613 965 lamellis
637 935 810 971 obtectum,
834 934 990 965 ambitum
1013 936 1124 964 exacte
1148 933 1348 964 reniformem
1371 933 1520 964 ostendit.
1568 933 1758 974 Plerumque
1781 937 1866 965 testa
1898 934 2006 974 strigis
2040 933 2202 965 nonnullis

348 990 445 1021 fuscis
470 990 554 1030 picta
578 992 610 1020 et
633 990 729 1020 latere
752 990 887 1027 interno.
913 989 1096 1029 praesertim
1120 989 1293 1028 marginem
1319 999 1428 1019 versus
1451 989 1610 1028 posticum
1634 989 1738 1020 colore
1756 989 1844 1020 fusco
1862 989 1964 1020 tincta
1981 991 2047 1027 est3
2072 991 2202 1020 exstant

347 1056 474 1086 quoque
497 1045 670 1085 specimina
693 1047 762 1076 tota
786 1045 867 1076 alba.

501 1100 704 1140 Exemplar-ia
729 1102 838 1131 nostra
861 1099 1016 1140 Japonica
1039 1097 1255 1129 Chinensibus
1277 1102 1309 1129 et.
1333 1099 1381 1137 iis,
1406 1109 1487 1138 quae
1510 1099 1625 1130 beatus
1649 1098 1787 1139 Cuming
1810 1110 1849 1130 ex
1874 1098 2066 1140 Philippinis
2090 1099 2202 1131 insulis

347 1156 505 1196 quondam
529 1156 712 1196 reportavit,
737 1156 866 1186 omnino
891 1155 1092 1195 respondent.

501 1211 533 1241 ln
559 1211 664 1241 indice
688 1211 880 1241 Adamsiano
904 1210 1109 1241 desideratur.

773 1294 1016 1335 Trapezium
1045 1295 1292 1335 angulatum
1321 1294 1421 1326 Lam.
1452 1293 1765 1335 (Cypricardia).

552 1362 638 1387 Anini.
658 1369 720 1387 sans
739 1364 805 1387 vert.
826 1362 875 1387 vol.
896 1363 918 1387 6.
938 1370 999 1395 pag.
1019 1362 1076 1388 438.
1114 1362 1213 1388 Wood
1241 1361 1298 1387 Iud.
1319 1361 1390 1387 Test.
1411 1361 1501 1394 Suppl.
1528 1360 1591 1387 Tab.
1618 1361 1639 1386 2.
1661 1362 1704 1394 tig.
1730 1361 1753 1386 2.
1800 1361 1931 1387 chama
1956 1361 2111 1395 oblonga
2137 1370 2201 1389 var.

604 1403 982 1438 Chemn.Cyprica1-‹lia
1002 1404 1158 1437 oblonga
1180 1405 1257 1430 Sow.
1279 1405 1343 1430 Gen.
1364 1404 1391 1429 of
1407 1403 1502 1429 Shells.

500 1464 605 1495 Unum
629 1465 786 1504 specimen
811 1465 902 1496 adest
925 1465 1040 1504 speciei
1064 1476 1103 1496 ex
1128 1464 1318 1504 Philippinis
1342 1464 1455 1495 insulis
1478 1464 1682 1504 respondens.

500 1519 748 1556 Oki—no-shima,
773 1521 805 1550 in
829 1519 1024 1560 Maslreporis
1049 1520 1175 1560 degens.
1223 1519 1258 1550 A.
1284 1519 1402 1550 Adams
1425 1519 1443 1550 l.
1474 1519 1492 1549 l.
1518 1530 1589 1560 pag.
1615 1519 1692 1550 236.

785 1603 1030 1644 Trapezium
1054 1606 1290 1634 rostratum
1315 1603 1415 1634 Lam.
1441 1603 1756 1645 (Cypricardia).

549 1671 636 1696 Anim.
657 1679 718 1696 saus
737 1673 804 1696 vert.
825 1671 874 1696 vol.
894 1671 917 1697 6.
938 1678 999 1704 pag.
1019 1670 1077 1696 439.

498 1730 690 1762 Tsu-shima.
737 1731 921 1763 Osa-earum
945 1732 1046 1762 testas
1069 1730 1242 1771 perforans.
1290 1729 1325 1760 A.
1350 1729 1469 1761 Adams
1493 1730 1568 1761 ibid.

501 1785 590 1818 Hanc
614 1786 766 1818 concham
792 1798 862 1817 cum
887 1786 1079 1826 Deshayesio
1102 1797 1158 1826 pro
1182 1786 1336 1817 varietate
1359 1785 1577 1816 antecedentis
1602 1785 1835 1817 declaraverim.

807 1871 1049 1912 Trapezium
1073 1871 1246 1901 lira-tum
1270 1870 1402 1901 Reeve
1426 1869 1666 1911 (Cypricard
1679 1871 1738 1911 ia).

550 1939 624 1965 Proc.
644 1939 713 1965 Zool.
734 1940 790 1965 Soc.
813 1939 885 1964 1843.
924 1937 1020 1964 Conch.
1040 1938 1106 1963 icon.
1129 1936 1304 1970 Cyprieardia
1323 1944 1391 1971 spec.
1414 1939 1434 1963 1.

498 1999 633 2039 Singula
656 2000 749 2031 valva
772 1999 934 2030 confracta
958 2000 989 2029 et
1012 1998 1108 2029 adesa
1133 1999 1248 2035 exstat,
1273 2008 1354 2038 quae
1378 1998 1514 2030 fortasse
1538 1998 1601 2030 huc
1624 1999 1771 2039 pertinet.

1151 2135 1382 2182 Cardiaoea.

1051 2243 1176 2278 Genus
1200 2243 1377 2278 Cal-dium
1400 2243 1481 2278 Lin.

975 2322 1168 2353 Cardium
1204 2322 1434 2354 Burchardi
1469 2321 1558 2352 Dkr.

1052 2388 1117 2415 Tab.
1137 2390 1230 2414 nostra
1250 2389 1288 2414 15.
1311 2389 1355 2421 fig.
1375 2389 1399 2415 4.
1420 2389 1443 2415 5.
1463 2389 1486 2414 6.

548 2431 646 2458 Malak.
670 2431 709 2457 Bl.
729 2431 779 2457 vol.
800 2430 840 2457 2⁴.
861 2439 922 2465 pag.
941 2432 980 2457 67.

496 2492 591 2523 Testa
613 2492 742 2533 oblique
766 2494 861 2523 ovata
883 2492 1147 2532 plano-convexa,
1180 2491 1286 2523 antice
1315 2491 1490 2531 aequaliter
1518 2492 1659 2528 arcuata,
1691 2489 1814 2530 postiae
1845 2488 2066 2526 subtruncata,
2098 2488 2200 2519 costis

341 2547 467 2579 40-42
491 2547 665 2586 instructa3
690 2550 797 2579 costae
819 2547 933 2587 planae
956 2547 1104 2587 aequales
1128 2547 1278 2587 utrinque
1295 2547 1485 2585 crenulatae,
1503 2556 1637 2586 superne
1653 2544 1797 2576 obsolete
1814 2554 1950 2585 rugosae
1966 2553 2066 2584 paene
2082 2543 2197 2580 laeves,

341 2606 447 2635 costae
470 2605 649 2643 postremae
665 2613 770 2634 aream
795 2602 1003 2633 terminantes
1019 2602 1222 2642 angustiores
1247 2601 1583 2639 crenato-muricatae;
1608 2600 1688 2631 sulci
1712 2617 1754 2622 -
1780 2601 1940 2631 costarum
1956 2598 2132 2630 interstitia
2155 2615 2196 2620 —

341 2659 469 2699 angusti
500 2661 531 2689 et
565 2658 713 2699 profundi
747 2657 952 2689 transversim
986 2658 1108 2696 striati3
1152 2658 1307 2688 umbones
1338 2657 1492 2698 porrecti3
1542 2655 1679 2687 cardinis
1716 2655 1827 2686 dentes
1857 2653 2004 2686 laterales
2037 2653 2137 2685 antici
2164 2654 2197 2685 in
