2379 3382
903 247 1137 280 —123-

877 337 1161 394 Xenophorea.

737 443 862 478 Genus
884 442 1113 485 Xenophora
1136 442 1302 476 Fischer.

618 521 871 561 Xenophora
900 522 1027 552 exuta
1059 520 1192 551 Reeve
1225 519 1417 559 (Phorus).

296 587 393 614 Conch.
413 589 478 621 syst.
498 588 548 614 vol.
565 588 588 614 2.
609 596 669 621 pag.
692 588 747 614 161.
768 587 832 614 Ta-b.
851 587 910 614 225.
930 587 974 620 fig.
995 587 1018 613 9.
1041 587 1078 613 10.
1116 586 1247 612 Chemn.
1268 585 1363 612 Conch.
1392 585 1456 610 (lab.
1486 585 1524 611 cd.
1553 586 1574 611 2.
1600 585 1717 611 Trochus
1738 587 1765 611 ct
1785 585 1945 619 Xenophora

346 629 410 656 Tab.
430 630 470 656 48.
490 630 535 663 fig.
555 630 578 656 4.
598 630 714 664 (China).

243 689 383 721 Exstant
416 690 590 731 specimina
623 690 729 722 minus
761 692 792 721 et
825 690 999 730 pergrande
1032 689 1272 729 integerrimum
1303 688 1345 719 85
1380 688 1456 719 mill.
1492 689 1601 719 latum.
1649 689 1837 728 Plerumque
1871 687 1950 718 haec

89 745 220 786 species,
245 746 341 776 etiam
365 745 398 776 in
422 745 502 777 mari
527 744 681 776 Chinensi
704 745 808 783 obvia,
838 745 931 785 plane
956 744 1126 783 denudata,
1151 755 1208 775 nec
1232 744 1356 784 lapillos
1381 754 1483 783 neque
1508 743 1674 783 conchylia
1697 743 1799 774 aliave
1817 753 1948 782 corpora

89 801 213 832 marina
248 801 317 838 fert,
353 801 455 832 rarius
490 811 563 832 vero
597 801 715 832 animal
752 802 853 841 primo
888 800 1004 831 aetatis
1034 802 1175 840 tempore
1206 799 1371 839 conchylia
1402 799 1524 829 minora
1552 799 1601 828 vel
1631 809 1738 829 eorum
1771 798 1950 837 fragmenta

90 856 280 896 agglutinat.
327 855 362 886 In
387 856 615 897 speciminibus
638 856 801 887 nonnullis
826 855 1023 887 collectionis
1047 857 1175 886 nostrae
1206 865 1314 894 margo
1344 854 1487 885 umbilici
1510 853 1606 884 sulcis
1629 853 1754 884 duobus
1776 852 1825 883 vel
1847 852 1951 883 tribus

89 911 213 942 levibus
237 911 455 943 circumdatus
479 913 536 943 est.
582 911 629 942 De
652 911 757 943 incola
779 913 885 942 testae
908 910 962 941 cfr.
989 911 1108 941 Adams
1132 912 1163 941 et
1186 910 1289 941 Reeve
1313 910 1438 949 Voyage
1462 908 1647 948 Samarang.
1672 919 1742 948 pag.
1768 908 1817 939 50.

581 995 833 1036 Xenophora
867 996 1075 1036 pallidula
1109 995 1231 1026 Reeve
1266 994 1458 1033 (Phorus).

296 1063 395 1090 Conch.
419 1065 485 1097 syst.
504 1063 554 1090 vol.
574 1064 597 1090 2.
618 1071 677 1097 pag.
699 1064 756 1090 160,
776 1063 841 1090 Tab.
861 1063 918 1090 214.
939 1063 983 1096 fig.
1002 1063 1026 1089 4.
1063 1061 1161 1088 Conch.
1186 1061 1253 1087 icon.
1279 1060 1382 1086 Phorus
1406 1061 1450 1093 fig.
1470 1061 1493 1085 4.
1532 1060 1664 1086 Chemn.
1693 1059 1791 1085 Conch.
1819 1058 1882 1085 Cab.
1910 1058 1950 1084 ed.

347 1106 396 1132 alt.
421 1106 539 1133 Trochus
564 1108 592 1132 et
617 1106 777 1140 Xenophora
804 1114 865 1140 pag.
891 1106 949 1132 347.
974 1105 1038 1132 Tab.
1058 1105 1098 1131 48.
1125 1105 1170 1138 fig.
1197 1104 1220 1130 2.
1258 1103 1406 1129 Lischke
1431 1103 1490 1137 Jap.
1512 1104 1545 1129 M.
1574 1103 1672 1128 Conch.
1698 1102 1747 1128 vol.
1767 1102 1792 1130 2.
1813 1109 1873 1135 pag.
1895 1101 1950 1127 169,

348 1148 397 1175 vol.
418 1148 441 1175 3.
461 1156 525 1183 pag.
545 1149 585 1174 56.
606 1148 670 1175 Tab.
690 1149 712 1174 3.
730 1149 774 1182 fig.
796 1149 870 1174 1—3.

245 1209 387 1249 Utraque
410 1209 482 1240 icon
506 1212 538 1240 et
562 1209 593 1239 in
619 1208 737 1240 Conch.
763 1211 839 1249 syst.
864 1211 897 1240 et
919 1208 952 1239 in
977 1207 1096 1239 Conch.
1120 1208 1202 1239 icon.
1237 1208 1277 1239 ab
1301 1218 1365 1239 uno
1390 1207 1563 1246 eodemque
1592 1205 1764 1246 specimine
1796 1205 1951 1243 desumta.

89 1265 191 1296 multo
214 1265 315 1297 serius
338 1276 357 1296 a
381 1264 454 1296 clar.
479 1264 619 1306 Philippi
645 1266 677 1296 in
702 1264 896 1296 Chemnitzii
919 1263 1060 1295 editione
1082 1263 1183 1294 altera
1206 1264 1342 1304 repetita
1365 1265 1423 1300 est,
1448 1262 1503 1294 sed
1525 1261 1676 1292 eximiam
1694 1260 1789 1292 huius
1807 1261 1952 1292 cochleae

90 1321 263 1361 imaginem
288 1323 319 1352 et
342 1322 524 1352 accuratam
550 1321 794 1365 descriptionem
818 1320 998 1360 nuperrime
1029 1318 1113 1349 foras
1138 1319 1225 1350 dedit
1248 1319 1267 1349 l.
1292 1319 1311 1349 l.
1337 1318 1410 1349 clar.
1436 1317 1582 1349 Lischke.
1629 1316 1811 1356 Specimina
1844 1316 1884 1346 ab
1917 1326 1953 1347 eo

91 1376 217 1416 depicta
241 1376 333 1407 basin
357 1376 467 1407 leviter
491 1386 662 1407 concavam
692 1386 756 1406 non
788 1375 1008 1406 umbilicatam
1037 1374 1222 1412 ostendunt,
1254 1376 1288 1404 at
1317 1375 1429 1404 contra
1460 1376 1570 1404 nostra
1602 1373 1777 1413 specimina
1800 1371 1953 1402 umbilico

91 1433 228 1471 angusto
262 1431 429 1472 perspicuo
458 1431 578 1462 lamina
608 1431 736 1471 quidem
767 1430 953 1462 columellae
983 1430 1192 1461 semiobtecto
1224 1430 1381 1460 instructa
1412 1432 1496 1467 sunt,
1527 1431 1666 1460 ceterum
1698 1438 1771 1459 vero
1803 1427 1954 1458 omnibus

91 1487 176 1518 notis
200 1487 338 1527 Singulis
363 1498 433 1517 cum
458 1487 522 1517 illis
544 1487 638 1527 plane
661 1486 866 1517 conveniunt.

246 1542 401 1573 Mollusca
439 1542 641 1582 agglutinata
672 1542 827 1582 imprimis
858 1544 934 1573 sunt
965 1541 1105 1572 bivalvia
1136 1551 1184 1571 ex.
1210 1550 1254 1580 gr.
1279 1540 1494 1571 Pectunculus
1525 1540 1751 1577 albolineatus,
1783 1539 1952 1579 Limopsis,

91 1596 285 1629 Crassatella
305 1597 437 1638 parvula
461 1598 596 1638 aliaque,
621 1598 703 1628 inter
726 1597 890 1628 univalvia
915 1596 1105 1627 Ancillariae
1130 1596 1250 1636 species
1274 1595 1441 1635 quaedam,
1471 1596 1578 1626 omnia
1612 1595 1738 1633 detrita,
1772 1594 1955 1626 decolorata

91 1665 130 1685 ex
154 1656 245 1694 parte.
269 1653 413 1694 spongiis
436 1653 606 1693 perforata,
632 1664 703 1684 cum
728 1652 919 1684 certitudine
941 1651 1028 1683 haud
1052 1651 1301 1682 determinanda.

557 1738 811 1779 Xenophora
839 1738 1098 1770 solarioides
1129 1737 1262 1768 Reeve
1294 1735 1488 1776 (Phorus).

301 1806 397 1832 Conch.
417 1806 486 1831 icon.
505 1805 608 1831 Phorus
629 1805 693 1832 Tab.
713 1806 735 1832 3.
756 1806 798 1838 fig.
819 1806 842 1832 8.
880 1806 909 1831 Α.
930 1804 1051 1830 Adams
1071 1809 1104 1830 et
1124 1804 1226 1829 Reeve
1246 1803 1309 1836 Voy.
1332 1803 1491 1836 Samarang.
1511 1803 1583 1829 Moll.
1602 1811 1663 1836 pag.
1678 1803 1717 1829 50.
1740 1802 1804 1828 Tab.
1822 1802 1859 1828 17.
1875 1804 1919 1836 fig.
1932 1804 1955 1828 G.

247 1867 416 1908 Specimen
446 1866 586 1907 juvenile
617 1867 683 1907 jam
718 1869 813 1898 antea
846 1865 1024 1905 Hamburgi
1058 1864 1263 1904 acquisitum,
1299 1864 1384 1903 quod
1415 1875 1454 1894 ex
1485 1863 1623 1905 Japonia
1653 1863 1808 1904 originem
1843 1864 1956 1895 ducere

92 1923 323 1961 affirmabatur,
349 1934 420 1954 cum
444 1922 635 1954 Sinensibus
658 1923 752 1963 plane
775 1922 934 1953 convenit.
982 1920 1062 1951 Clar.
1090 1920 1207 1951 Adams
1231 1922 1262 1950 et
1285 1919 1389 1950 Reeve
1417 1919 1554 1950 incolam
1578 1922 1679 1951 testae
1703 1919 1953 1950 observaverunt

92 1990 228 2020 eumque.
251 1979 270 2009 l.
296 1979 315 2010 l.
340 1978 584 2019 descripserunt.
1352 1970 1355 1973 .

887 2091 1169 2150 Galyptracea.

581 2198 705 2233 Genus
730 2198 934 2241 Crepidula
958 2199 1057 2233 Lam.
1106 2199 1238 2240 (Crypta
1261 2196 1467 2238 Humphrey).

737 2276 966 2318 Crepidula
996 2277 1165 2317 grandis
1196 2274 1313 2307 Midd.

302 2385 543 2418 Middendorff,
563 2386 693 2419 Beitriige
712 2394 742 2412 zu
762 2342 1211 2420 eillerTss‘tiZ-lazzzssroassg}afiffiosls-iss
1229 2384 1279 2411 vol.
1295 2384 1317 2410 2.
1337 2391 1400 2417 pag.
1421 2383 1477 2409 101.
1514 2383 1591 2409 Mem.
1612 2381 1644 2407 de
1663 2381 1763 2408 l'Acad.
1784 2382 1846 2416 imp.
1862 2382 1908 2408 des
1922 2390 1956 2409 sc.

353 2428 385 2454 de
405 2429 444 2455 St.
463 2428 582 2455 Petersb.
603 2429 625 2455 6.
647 2428 703 2456 Fer.
725 2429 765 2456 Sc.
786 2431 842 2456 nat.
861 2438 923 2464 pag.
943 2430 1001 2457 429.
1022 2429 1087 2456 Tab.
1109 2429 1147 2465 11.
1166 2428 1211 2461 fig.
1231 2427 1323 2454 8—10.
1362 2425 1546 2457 Schrenck,
1571 2425 1668 2451 Reisen
1687 2425 1741 2451 und
1762 2425 1954 2459 Forschungen

353 2471 389 2497 im
410 2470 573 2497 Amurlande
592 2471 643 2498 vol.
662 2471 686 2498 2.
706 2472 776 2498 Zool.
798 2480 860 2506 pag.
880 2472 939 2499 382.

250 2531 419 2571 specimen
443 2532 683 2572 integerrimum
706 2532 898 2573 epidermide
922 2533 1012 2564 fusca
1034 2532 1200 2563 lamellosa
1216 2533 1248 2562 et
1264 2530 1398 2561 foliacea
1421 2529 1609 2567 obductum,
1633 2528 1718 2569 quod
1737 2528 1810 2560 clar.
1828 2528 1856 2559 J.
1874 2528 1957 2560 Rein

95 2598 135 2618 ex
157 2586 296 2628 Japonia
318 2587 503 2627 reportavit,
527 2587 579 2619 hic
602 2587 762 2628 depictum
787 2590 843 2620 est.
891 2588 1019 2630 Species
1043 2590 1079 2619 ut
1102 2587 1258 2628 plurimae
1283 2585 1471 2626 Crepidulae
1488 2585 1616 2616 varians
1633 2586 1723 2625 septo
1741 2595 1864 2624 semper
1880 2584 1958 2616 sub-

97 2642 225 2674 sinuato
251 2645 282 2673 et
305 2642 437 2683 obliquo
462 2643 619 2674 instructa
642 2644 700 2674 est.

1628 2683 1699 2715 16*
