2317 3387
1153 276 1193 280 -
1238 258 1299 290 238
1346 277 1385 280 -

991 341 1115 376 Genus
1137 342 1309 386 Huxleya
1335 343 1378 376 A.
1402 343 1551 377 AdamS.

952 420 1137 461 Huxleya
1167 421 1332 452 sulcata
1364 420 1398 451 A.
1431 420 1586 451 Adams.

555 488 619 513 Aun.
640 486 691 512 and
712 487 780 519 Mag.
801 486 863 513 Nat.
886 487 953 514 Hist.
973 488 1035 522 Apr.
1058 489 1129 514 1860.
1152 497 1212 522 pag.
1233 488 1290 513 303.

503 548 570 579 Hoc
592 558 692 587 genus
715 547 847 580 fortasse
871 548 1011 590 Limopsi
1035 549 1212 589 proximum
1237 552 1293 579 est.

1150 705 1393 751 Nucula-cea.

1064 821 1188 855 Genus
1210 820 1351 855 Nucula
1375 820 1474 854 Lam.

823 905 982 937 Nucula
1014 907 1223 938 mirabilis
1254 908 1289 938 A.
1322 907 1467 939 Adams
1497 910 1533 938 et
1565 907 1705 938 Reeve.

555 981 617 1014 Voy.
638 982 795 1015 Samarang.
815 982 886 1008 Moll.
907 990 966 1016 pag.
987 984 1026 1008 75.
1047 982 1111 1009 Tab.
1132 984 1171 1009 21.
1192 984 1235 1016 fig.
1255 984 1278 1009 8.
1319 983 1450 1016 Hanlcy
1469 983 1495 1008 in
1515 982 1590 1008 Thes
1612 982 1708 1009 Couch.
1728 983 1778 1008 vol.
1798 983 1820 1008 3.
1841 991 1907 1016 spec.
1930 983 1967 1008 19.
1987 983 2030 1015 fig.
2053 982 2109 1009 114.

503 1050 648 1083 Kiu-Siu.
694 1051 863 1092 Nagasaki.

504 1106 599 1138 Testa
615 1109 718 1145 ovata,
735 1107 880 1145 solidula‚
898 1108 1001 1139 antice
1018 1108 1152 1148 abrupte
1170 1110 1326 1146 truncata,
1345 1107 1532 1145 ventricosa,
1550 1107 1681 1138 costulis
1698 1108 1872 1147 corrugatis
1889 1107 1990 1138 medio
2007 1106 2189 1138 divaricatis

349 1164 504 1203 acuteque
526 1162 687 1203 angulatis
721 1163 881 1204 eleganter
903 1163 1037 1204 sculpta,
1061 1163 1251 1205 epidermide
1275 1163 1415 1194 olivaeea
1438 1174 1537 1204 opaea
1561 1163 1690 1202 induta*⁷
1716 1174 1823 1203 margo
1847 1163 1965 1194 ventris
1988 1163 2090 1194 antice
2114 1162 2189 1193 sub-

350 1219 505 1255 sinuatus,
530 1219 648 1259 postice
672 1219 845 1259 aequaliter
861 1221 1027 1257 arcuatus3
1052 1220 1178 1250 dorsum
1197 1219 1358 1259 paululum
1383 1218 1591 1257 fornicatum3
1615 1218 1724 1250 lunula
1742 1229 1855 1259 magna
1873 1217 2070 1250 cordiformis
2086 1217 2189 1249 utrin-

350 1286 411 1315 que
434 1277 556 1313 cavata,
580 1275 683 1306 medio
708 1286 817 1315 parurn
840 1275 932 1311 elata,
957 1275 1073 1315 angulo
1105 1275 1303 1306 (livarieatiin
1336 1274 1493 1305 costulato
1524 1274 1703 1311 terminata,
1738 1274 1877 1305 costellis
1911 1274 2016 1305 densis
2038 1285 2077 1305 ex
2100 1275 2190 1314 parte

351 1330 601 1362 subdichotomis
625 1331 796 1369 instructa3
821 1330 973 1362 umbones
997 1331 1140 1367 involuti,
1165 1333 1344 1361 antrorsum
1368 1330 1528 1369 inclinati3
1553 1330 1636 1361 latus
1659 1331 1818 1361 internum
1838 1330 2189 1370 argenteo-margarita-

350 1398 440 1418 ceum
463 1386 680 1427 splendidumg
704 1386 840 1418 cardinis
864 1387 974 1417 dentes
997 1386 1174 1427 longissimi
1198 1385 1441 1426 spinaeformes3
1464 1385 1555 1417 fovea
1578 1385 1741 1426 ligamenti
1764 1386 1889 1416 interna
1912 1395 2027 1425 magna
2042 1385 2189 1425 obliqua;

351 1453 459 1483 margo
483 1443 584 1474 crenis
608 1443 727 1482 postice
750 1441 926 1473 obliteratis
950 1442 1082 1474 cinctus.

506 1498 633 1539 Species
667 1498 827 1538 sculptura
852 1509 909 1529 sua
932 1498 1083 1539 peculiari
1107 1509 1182 1528 sane
1206 1497 1367 1529 mirabilis.
1414 1497 1498 1528 Inter
1532 1497 1672 1528 Nucula-s
1705 1497 1792 1528 vivas
1822 1497 1895 1528 talis
1930 1497 2128 1528 formationis
2151 1496 2190 1527 ad

352 1554 411 1585 hoc
428 1556 552 1594 tempus
575 1555 699 1585 tantum
724 1554 931 1585 innotuerunt
953 1554 1095 1585 Nuculae
1116 1553 1288 1584 divaricata
1312 1556 1343 1584 et.
1358 1553 1528 1584 castrensis
1552 1553 1661 1583 Hinds.
1686 1553 1857 1584 sectionem
1883 1553 2014 1583 Acilae
2038 1552 2074 1582 H.
2099 1556 2129 1583 et
2155 1553 2189 1583 A.

352 1610 376 1640 A
388 1611 406 1641 d
417 1621 434 1641 a
445 1622 473 1640 m
484 1621 498 1640 s
521 1609 700 1640 formantes.

507 1665 671 1706 Specimen
695 1665 936 1706 pulcherrimum
961 1666 992 1696 in
1015 1665 1124 1697 Museo
1148 1663 1446 1703 Senekenbergiano
1469 1666 1657 1694 asservatur.

966 1759 1125 1790 Nucula
1155 1759 1326 1800 paulula
1357 1758 1390 1789 A.
1425 1758 1579 1789 Adams.

559 1836 630 1862 Proc.
650 1836 718 1861 Zool.
739 1836 793 1861 Soc.
817 1836 887 1861 1856,
909 1844 968 1869 pag.
990 1835 1028 1861 52.

509 1905 597 1937 Hane
619 1906 754 1946 speciem
779 1906 939 1946 parvulam
963 1906 1107 1943 solidam,
1132 1906 1222 1936 valde
1246 1904 1505 1944 inaequilateram
1523 1906 1552 1935 et
1569 1903 1736 1944 gibbosam
1760 1903 1876 1944 pariter
1896 1904 1926 1933 in
1944 1902 2022 1934 Mari
2038 1903 2192 1943 Japonico

353 1962 479 1993 obviam
504 1961 724 1993 desideramus.

1070 2078 1194 2112 Genus
1216 2077 1315 2112 Leda
1338 2077 1481 2112 Selium.

1046 2157 1150 2188 Leda
1182 2156 1356 2188 confusa
1389 2156 1499 2187 Hanl.

561 2226 636 2251 Sow.
662 2224 738 2250 The.»
759 2224 854 2250 Conch.
874 2224 923 2250 vol,
943 2226 965 2250 3.
986 2232 1045 2258 pag.
1068 2224 1122 2250 119.
1143 2232 1182 2250 no.
1201 2225 1241 2250 26.
1263 2225 1305 2257 lig.
1326 2225 1365 2250 85.
1404 2223 1535 2249 Nucula
1565 2222 1658 2256 pella
1688 2222 1763 2248 ὅθεν.
1793 2223 1888 2250 Conch.
1916 2223 1956 2249 Ill.
1982 2222 2085 2248 Nucula
2105 2222 2148 2255 fig.
2169 2222 2192 2248 6.

611 2276 662 2293 non
681 2268 765 2293 Area
785 2267 876 2302 pella
895 2267 962 2293 Lin.
983 2275 1030 2293 uec
1048 2268 1150 2293 Giucl.
1170 2275 1253 2301 neque
1274 2267 1338 2292 Bru
1349 2275 1374 2299 g.

508 2329 593 2360 Mare
616 2329 804 2370 Japonicum
828 2331 857 2360 et
883 2328 1049 2359 Cliinense.

508 2385 674 2425 Specimen
698 2386 855 2425 integrum
879 2384 969 2415 adest
993 2384 1082 2415 icone
1105 2385 1291 2425 Hanleyana
1316 2383 1443 2424 paululo
1467 2382 1578 2423 majus.

941 2478 1046 2509 Leda
1078 2477 1349 2519 pernuloides
1382 2477 1416 2507 Α.
1448 2476 1603 2507 Adams.

510 2549 595 2580 Inter
618 2547 679 2579 alia
701 2547 853 2579 Mollusca
880 2547 1035 2588 Japonica
1058 2559 1076 2578 a
1099 2547 1171 2578 clar.
1197 2547 1231 2577 A.
1258 2546 1373 2577 Adams
1408 2545 1516 2576 Museo
1549 2544 1847 2585 Senekenbergiano
1882 2543 2130 2575 Francofurtano
2153 2543 2193 2574 ad

357 2605 505 2637 Moenum
529 2605 633 2643 missa,
657 2604 814 2644 specimen
837 2603 965 2634 unicum
989 2602 1083 2634 huius
1106 2602 1244 2634 conchae
1268 2605 1373 2632 exstat
1405 2601 1538 2632 Ledae
1570 2599 1772 2640 pernulae
1805 2599 1970 2631 Miilleri
1993 2602 2059 2631 tam
2082 2598 2193 2637 simile,

358 2664 391 2692 ut
410 2661 494 2692 notis
510 2660 706 2701 gravioribus
721 2659 761 2690 ab
779 2671 815 2690 ea.
832 2659 884 2689 vix
901 2659 1023 2689 differre
1040 2658 1116 2689 mihi
1140 2658 1292 2689 videatur.
1311 2675 1350 2678 —-
1368 2657 1455 2688 Hanc
1472 2658 1586 2687 testam
1604 2655 1716 2687 nullibi
1733 2656 1922 2697 descriptam
1939 2656 2078 2686 invenire
2094 2655 2192 2696 potui.
