<?xml version="1.0" encoding="UTF-8"?>
<!DOCTYPE html PUBLIC "-//W3C//DTD XHTML 1.0 Transitional//EN"
    "http://www.w3.org/TR/xhtml1/DTD/xhtml1-transitional.dtd">
<html xmlns="http://www.w3.org/1999/xhtml" xml:lang="en" lang="en">
 <head>
  <title>
</title>
<meta http-equiv="Content-Type" content="text/html;charset=utf-8" />
  <meta name='ocr-system' content='tesseract 3.04.00' />
  <meta name='ocr-capabilities' content='ocr_page ocr_carea ocr_par ocr_line ocrx_word'/>
</head>
<body>
  <div class='ocr_page' id='page_1' title='image "./indexmolluscorum00dunk_0226.png"; bbox 0 0 2317 3387; ppageno 0'>
   <div class='ocr_carea' id='block_1_1' title="bbox 1169 256 1399 286">
    <p class='ocr_par' dir='ltr' id='par_1_1' title="bbox 1169 256 1399 286">
     <span class='ocr_line' id='line_1_1' title="bbox 1169 256 1399 286; baseline 0 0"><span class='ocrx_word' id='word_1_1' title='bbox 1169 256 1399 286; x_wconf 76' lang='lat'>-212—</span> 
     </span>
    </p>
   </div>
   <div class='ocr_carea' id='block_1_2' title="bbox 991 339 1587 381">
    <p class='ocr_par' dir='ltr' id='par_1_2' title="bbox 991 339 1587 381">
     <span class='ocr_line' id='line_1_2' title="bbox 991 339 1587 381; baseline 0 -11"><span class='ocrx_word' id='word_1_2' title='bbox 991 339 1178 371; x_wconf 87' lang='lat' dir='ltr'><strong>Cardium</strong></span> <span class='ocrx_word' id='word_1_3' title='bbox 1215 344 1398 381; x_wconf 87' lang='lat' dir='ltr'><strong>apertum</strong></span> <span class='ocrx_word' id='word_1_4' title='bbox 1431 340 1587 371; x_wconf 84' lang='lat' dir='ltr'><strong>Chemn.</strong></span> 
     </span>
    </p>
   </div>
   <div class='ocr_carea' id='block_1_3' title="bbox 569 405 2215 516">
    <p class='ocr_par' dir='ltr' id='par_1_3' title="bbox 569 405 2215 516">
     <span class='ocr_line' id='line_1_3' title="bbox 569 405 2215 440; baseline 0.002 -9"><span class='ocrx_word' id='word_1_5' title='bbox 569 406 665 432; x_wconf 84' lang='lat' dir='ltr'><strong>Conch.</strong></span> <span class='ocrx_word' id='word_1_6' title='bbox 686 405 750 432; x_wconf 85' lang='lat' dir='ltr'><strong>Cab.</strong></span> <span class='ocrx_word' id='word_1_7' title='bbox 770 405 819 431; x_wconf 76' lang='lat' dir='ltr'><strong>vol.</strong></span> <span class='ocrx_word' id='word_1_8' title='bbox 839 406 862 431; x_wconf 76' lang='lat'>6.</span> <span class='ocrx_word' id='word_1_9' title='bbox 883 413 942 439; x_wconf 80' lang='lat' dir='ltr'><strong>pag.</strong></span> <span class='ocrx_word' id='word_1_10' title='bbox 958 405 1014 431; x_wconf 71' lang='lat'>189.</span> <span class='ocrx_word' id='word_1_11' title='bbox 1034 405 1098 432; x_wconf 87' lang='lat' dir='ltr'><strong>Tab.</strong></span> <span class='ocrx_word' id='word_1_12' title='bbox 1114 407 1151 433; x_wconf 66' lang='lat'>18.</span> <span class='ocrx_word' id='word_1_13' title='bbox 1170 407 1215 439; x_wconf 84' lang='lat' dir='ltr'>fig.</span> <span class='ocrx_word' id='word_1_14' title='bbox 1231 407 1372 432; x_wconf 71' lang='lat'>181-183.</span> <span class='ocrx_word' id='word_1_15' title='bbox 1409 406 1437 432; x_wconf 88' lang='lat' dir='ltr'><strong>C.</strong></span> <span class='ocrx_word' id='word_1_16' title='bbox 1457 408 1617 439; x_wconf 80' lang='lat' dir='ltr'><strong>rugatuin</strong></span> <span class='ocrx_word' id='word_1_17' title='bbox 1638 405 1736 431; x_wconf 85' lang='lat' dir='ltr'><strong>Gron.</strong></span> <span class='ocrx_word' id='word_1_18' title='bbox 1756 406 1871 440; x_wconf 79' lang='lat' dir='ltr'><strong>Zooph.</strong></span> <span class='ocrx_word' id='word_1_19' title='bbox 1897 407 2011 433; x_wconf 73' lang='lat' dir='ltr'><strong>Recve</strong></span> <span class='ocrx_word' id='word_1_20' title='bbox 2031 407 2128 434; x_wconf 81' lang='lat' dir='ltr'><strong>Conch.</strong></span> <span class='ocrx_word' id='word_1_21' title='bbox 2149 409 2215 434; x_wconf 89' lang='lat' dir='ltr'><strong>icon.</strong></span> 
     </span>
     <span class='ocr_line' id='line_1_4' title="bbox 618 447 2215 484; baseline 0.001 -10"><span class='ocrx_word' id='word_1_22' title='bbox 618 447 746 474; x_wconf 80' lang='lat' dir='ltr'><strong>Car-dium</strong></span> <span class='ocrx_word' id='word_1_23' title='bbox 775 449 819 479; x_wconf 75' lang='lat' dir='ltr'><strong>rig.</strong></span> <span class='ocrx_word' id='word_1_24' title='bbox 848 447 888 473; x_wconf 77' lang='lat'>63.</span> <span class='ocrx_word' id='word_1_25' title='bbox 915 448 959 473; x_wconf 79' lang='lat' dir='ltr'><strong>cfr.</strong></span> <span class='ocrx_word' id='word_1_26' title='bbox 989 447 1135 474; x_wconf 80' lang='lat' dir='ltr'><strong>Lisclike</strong></span> <span class='ocrx_word' id='word_1_27' title='bbox 1161 448 1220 482; x_wconf 84' lang='lat' dir='ltr'><strong>Jap.</strong></span> <span class='ocrx_word' id='word_1_28' title='bbox 1249 449 1281 474; x_wconf 75' lang='lat' dir='ltr'>M.</span> <span class='ocrx_word' id='word_1_29' title='bbox 1304 449 1402 475; x_wconf 85' lang='lat' dir='ltr'><strong>Conch.</strong></span> <span class='ocrx_word' id='word_1_30' title='bbox 1430 449 1479 475; x_wconf 82' lang='lat' dir='ltr'><strong>vol.</strong></span> <span class='ocrx_word' id='word_1_31' title='bbox 1507 449 1529 474; x_wconf 89' lang='lat'><strong>2.</strong></span> <span class='ocrx_word' id='word_1_32' title='bbox 1555 456 1616 482; x_wconf 78' lang='lat' dir='ltr'><strong>pag.</strong></span> <span class='ocrx_word' id='word_1_33' title='bbox 1639 449 1694 474; x_wconf 82' lang='lat'>173.</span> <span class='ocrx_word' id='word_1_34' title='bbox 1725 449 1774 475; x_wconf 87' lang='lat' dir='ltr'><strong>vol.</strong></span> <span class='ocrx_word' id='word_1_35' title='bbox 1794 450 1817 475; x_wconf 84' lang='lat'>3.</span> <span class='ocrx_word' id='word_1_36' title='bbox 1843 457 1903 483; x_wconf 83' lang='lat' dir='ltr'><strong>pag.</strong></span> <span class='ocrx_word' id='word_1_37' title='bbox 1927 450 1983 475; x_wconf 85' lang='lat'>106.</span> <span class='ocrx_word' id='word_1_38' title='bbox 2005 450 2048 475; x_wconf 89' lang='lat' dir='ltr'><strong>ubi</strong></span> <span class='ocrx_word' id='word_1_39' title='bbox 2068 458 2215 484; x_wconf 76' lang='lat' dir='ltr'><strong>synonyma</strong></span> 
     </span>
     <span class='ocr_line' id='line_1_5' title="bbox 620 491 798 516; baseline -0.006 0"><span class='ocrx_word' id='word_1_40' title='bbox 620 491 706 516; x_wconf 78' lang='lat' dir='ltr'><strong>allata</strong></span> <span class='ocrx_word' id='word_1_41' title='bbox 725 492 798 515; x_wconf 69' lang='lat' dir='ltr'><strong>sunt.</strong></span> 
     </span>
    </p>
   </div>
   <div class='ocr_carea' id='block_1_4' title="bbox 361 550 2216 645">
    <p class='ocr_par' dir='ltr' id='par_1_4' title="bbox 361 550 2216 645">
     <span class='ocr_line' id='line_1_6' title="bbox 515 550 2216 592; baseline 0.001 -11"><span class='ocrx_word' id='word_1_42' title='bbox 515 551 605 588; x_wconf 84' lang='lat' dir='ltr'><strong>Quod</strong></span> <span class='ocrx_word' id='word_1_43' title='bbox 629 551 746 582; x_wconf 77' lang='lat' dir='ltr'><strong>attinet</strong></span> <span class='ocrx_word' id='word_1_44' title='bbox 769 551 809 582; x_wconf 87' lang='lat' dir='ltr'><strong>ad</strong></span> <span class='ocrx_word' id='word_1_45' title='bbox 840 550 1036 591; x_wconf 79' lang='lat' dir='ltr'>sculpturam</span> <span class='ocrx_word' id='word_1_46' title='bbox 1060 554 1090 581; x_wconf 83' lang='lat' dir='ltr'><strong>et</strong></span> <span class='ocrx_word' id='word_1_47' title='bbox 1115 551 1317 591; x_wconf 82' lang='lat' dir='ltr'><strong>epidermidis</strong></span> <span class='ocrx_word' id='word_1_48' title='bbox 1346 551 1484 582; x_wconf 84' lang='lat' dir='ltr'>indolem</span> <span class='ocrx_word' id='word_1_49' title='bbox 1515 551 1629 582; x_wconf 89' lang='lat' dir='ltr'><strong>Cardio</strong></span> <span class='ocrx_word' id='word_1_50' title='bbox 1662 552 1782 583; x_wconf 86' lang='lat' dir='ltr'><strong>mutico</strong></span> <span class='ocrx_word' id='word_1_51' title='bbox 1812 552 1914 583; x_wconf 89' lang='lat' dir='ltr'><strong>simile</strong></span> <span class='ocrx_word' id='word_1_52' title='bbox 1939 555 1996 590; x_wconf 81' lang='lat' dir='ltr'><strong>est.</strong></span> <span class='ocrx_word' id='word_1_53' title='bbox 2028 552 2113 592; x_wconf 85' lang='lat' dir='ltr'><strong>quod</strong></span> <span class='ocrx_word' id='word_1_54' title='bbox 2142 564 2216 584; x_wconf 88' lang='lat' dir='ltr'><strong>vero</strong></span> 
     </span>
     <span class='ocr_line' id='line_1_7' title="bbox 361 605 672 645; baseline 0 -9"><span class='ocrx_word' id='word_1_55' title='bbox 361 605 483 645; x_wconf 70' lang='lat' dir='ltr'><strong>postice</strong></span> <span class='ocrx_word' id='word_1_56' title='bbox 508 616 568 637; x_wconf 86' lang='lat' dir='ltr'><strong>non</strong></span> <span class='ocrx_word' id='word_1_57' title='bbox 595 605 672 636; x_wconf 74' lang='lat' dir='ltr'><strong>hiat.</strong></span> 
     </span>
    </p>
   </div>
   <div class='ocr_carea' id='block_1_5' title="bbox 564 680 1603 781">
    <p class='ocr_par' dir='ltr' id='par_1_5' title="bbox 564 680 1603 781">
     <span class='ocr_line' id='line_1_8' title="bbox 980 680 1603 721; baseline 0.002 -10"><span class='ocrx_word' id='word_1_58' title='bbox 980 680 1172 712; x_wconf 88' lang='lat' dir='ltr'><strong>Cardium</strong></span> <span class='ocrx_word' id='word_1_59' title='bbox 1207 682 1373 712; x_wconf 86' lang='lat' dir='ltr'><strong>liratum</strong></span> <span class='ocrx_word' id='word_1_60' title='bbox 1408 681 1603 721; x_wconf 76' lang='lat' dir='ltr'><strong>Sowerby.</strong></span> 
     </span>
     <span class='ocr_line' id='line_1_9' title="bbox 564 747 1550 781; baseline 0 -8"><span class='ocrx_word' id='word_1_61' title='bbox 564 748 638 774; x_wconf 84' lang='lat' dir='ltr'><strong>Proc.</strong></span> <span class='ocrx_word' id='word_1_62' title='bbox 659 748 729 774; x_wconf 72' lang='lat' dir='ltr'>zool.</span> <span class='ocrx_word' id='word_1_63' title='bbox 750 748 807 774; x_wconf 86' lang='lat' dir='ltr'>Soc.</span> <span class='ocrx_word' id='word_1_64' title='bbox 830 748 904 773; x_wconf 60' lang='lat'>1540.</span> <span class='ocrx_word' id='word_1_65' title='bbox 942 748 1050 773; x_wconf 81' lang='lat' dir='ltr'><strong>Reeve</strong></span> <span class='ocrx_word' id='word_1_66' title='bbox 1070 748 1166 773; x_wconf 61' lang='lat' dir='ltr'><strong>(buch.</strong></span> <span class='ocrx_word' id='word_1_67' title='bbox 1188 749 1253 774; x_wconf 83' lang='lat' dir='ltr'><strong>icon.</strong></span> <span class='ocrx_word' id='word_1_68' title='bbox 1273 747 1398 773; x_wconf 74' lang='lat' dir='ltr'><strong>Car-diurn</strong></span> <span class='ocrx_word' id='word_1_69' title='bbox 1419 755 1487 781; x_wconf 86' lang='lat' dir='ltr'>spec.</span> <span class='ocrx_word' id='word_1_70' title='bbox 1512 748 1550 773; x_wconf 77' lang='lat'>12.</span> 
     </span>
    </p>
   </div>
   <div class='ocr_carea' id='block_1_6' title="bbox 357 808 2215 1563">
    <p class='ocr_par' dir='ltr' id='par_1_6' title="bbox 362 808 2215 958">
     <span class='ocr_line' id='line_1_10' title="bbox 515 808 2215 848; baseline 0.001 -9"><span class='ocrx_word' id='word_1_71' title='bbox 515 808 681 848; x_wconf 75' lang='lat' dir='ltr'><strong>specimen</strong></span> <span class='ocrx_word' id='word_1_72' title='bbox 712 809 831 848; x_wconf 78' lang='lat' dir='ltr'>grande</span> <span class='ocrx_word' id='word_1_73' title='bbox 862 819 902 839; x_wconf 86' lang='lat' dir='ltr'><strong>ex</strong></span> <span class='ocrx_word' id='word_1_74' title='bbox 925 808 1062 848; x_wconf 84' lang='lat' dir='ltr'><strong>Japonia</strong></span> <span class='ocrx_word' id='word_1_75' title='bbox 1093 808 1226 839; x_wconf 80' lang='lat' dir='ltr'><strong>allatum</strong></span> <span class='ocrx_word' id='word_1_76' title='bbox 1258 811 1306 838; x_wconf 82' lang='lat' dir='ltr'><strong>est</strong></span> <span class='ocrx_word' id='word_1_77' title='bbox 1337 808 1378 838; x_wconf 88' lang='grc'><strong>60</strong></span> <span class='ocrx_word' id='word_1_78' title='bbox 1406 808 1482 839; x_wconf 89' lang='lat' dir='ltr'><strong>mill.</strong></span> <span class='ocrx_word' id='word_1_79' title='bbox 1516 809 1655 848; x_wconf 72' lang='lat' dir='ltr'><strong>longum,</strong></span> <span class='ocrx_word' id='word_1_80' title='bbox 1684 808 1725 839; x_wconf 84' lang='lat'>62</span> <span class='ocrx_word' id='word_1_81' title='bbox 1755 809 1864 843; x_wconf 74' lang='lat' dir='ltr'><strong>altum,</strong></span> <span class='ocrx_word' id='word_1_82' title='bbox 1898 809 1990 848; x_wconf 82' lang='lat' dir='ltr'><strong>plane</strong></span> <span class='ocrx_word' id='word_1_83' title='bbox 2022 809 2215 840; x_wconf 85' lang='lat' dir='ltr'><strong>conveniens</strong></span> 
     </span>
     <span class='ocr_line' id='line_1_11' title="bbox 363 863 2212 903; baseline 0.001 -10"><span class='ocrx_word' id='word_1_84' title='bbox 363 863 592 903; x_wconf 73' lang='lat' dir='ltr'><strong>speciminibus</strong></span> <span class='ocrx_word' id='word_1_85' title='bbox 621 874 639 893; x_wconf 89' lang='lat' dir='ltr'><strong>a</strong></span> <span class='ocrx_word' id='word_1_86' title='bbox 664 863 757 894; x_wconf 84' lang='lat' dir='ltr'><strong>beato</strong></span> <span class='ocrx_word' id='word_1_87' title='bbox 785 863 925 894; x_wconf 85' lang='lat' dir='ltr'><strong>Roberto</strong></span> <span class='ocrx_word' id='word_1_88' title='bbox 957 863 1080 894; x_wconf 84' lang='lat' dir='ltr'><strong>Rodatz</strong></span> <span class='ocrx_word' id='word_1_89' title='bbox 1115 863 1273 894; x_wconf 86' lang='lat' dir='ltr'><strong>navarcho</strong></span> <span class='ocrx_word' id='word_1_90' title='bbox 1306 864 1337 893; x_wconf 90' lang='lat' dir='ltr'><strong>in</strong></span> <span class='ocrx_word' id='word_1_91' title='bbox 1370 863 1473 894; x_wconf 87' lang='lat' dir='ltr'><strong>insula</strong></span> <span class='ocrx_word' id='word_1_92' title='bbox 1509 863 1666 894; x_wconf 83' lang='lat' dir='ltr'><strong>Zanzibar</strong></span> <span class='ocrx_word' id='word_1_93' title='bbox 1701 863 1862 903; x_wconf 75' lang='lat' dir='ltr'><strong>quondam</strong></span> <span class='ocrx_word' id='word_1_94' title='bbox 1904 864 2002 894; x_wconf 80' lang='lat' dir='ltr'><strong>lectis.</strong></span> <span class='ocrx_word' id='word_1_95' title='bbox 2061 863 2142 894; x_wconf 81' lang='lat' dir='ltr'><strong>Clar.</strong></span> <span class='ocrx_word' id='word_1_96' title='bbox 2174 864 2212 895; x_wconf 90' lang='lat' dir='ltr'><strong>H.</strong></span> 
     </span>
     <span class='ocr_line' id='line_1_12' title="bbox 362 917 1404 958; baseline -0.001 -9"><span class='ocrx_word' id='word_1_97' title='bbox 362 918 501 958; x_wconf 84' lang='lat' dir='ltr'><strong>Cuming</strong></span> <span class='ocrx_word' id='word_1_98' title='bbox 525 919 607 949; x_wconf 80' lang='lat' dir='ltr'><strong>hanc</strong></span> <span class='ocrx_word' id='word_1_99' title='bbox 631 919 784 949; x_wconf 77' lang='lat' dir='ltr'><strong>concham</strong></span> <span class='ocrx_word' id='word_1_100' title='bbox 809 929 848 948; x_wconf 82' lang='lat' dir='ltr'><strong>ex</strong></span> <span class='ocrx_word' id='word_1_101' title='bbox 873 917 1063 958; x_wconf 88' lang='lat' dir='ltr'><strong>Philippinis</strong></span> <span class='ocrx_word' id='word_1_102' title='bbox 1087 919 1199 949; x_wconf 85' lang='lat' dir='ltr'><strong>insulis</strong></span> <span class='ocrx_word' id='word_1_103' title='bbox 1224 918 1404 958; x_wconf 84' lang='lat' dir='ltr'><strong>reportavit.</strong></span> 
     </span>
    </p>

    <p class='ocr_par' dir='ltr' id='par_1_7' title="bbox 359 973 2215 1069">
     <span class='ocr_line' id='line_1_13' title="bbox 513 973 2215 1014; baseline 0.001 -11"><span class='ocrx_word' id='word_1_104' title='bbox 513 973 598 1004; x_wconf 89' lang='lat' dir='ltr'><strong>Haec</strong></span> <span class='ocrx_word' id='word_1_105' title='bbox 632 973 753 1014; x_wconf 80' lang='lat' dir='ltr'><strong>species</strong></span> <span class='ocrx_word' id='word_1_106' title='bbox 788 973 885 1004; x_wconf 84' lang='lat' dir='ltr'><strong>costis</strong></span> <span class='ocrx_word' id='word_1_107' title='bbox 920 973 1121 1003; x_wconf 81' lang='lat' dir='ltr'><strong>radiantibus</strong></span> <span class='ocrx_word' id='word_1_108' title='bbox 1155 973 1372 1010; x_wconf 66' lang='lat' dir='ltr'><strong>crassioribus,</strong></span> <span class='ocrx_word' id='word_1_109' title='bbox 1408 975 1531 1004; x_wconf 85' lang='lat' dir='ltr'><strong>statura</strong></span> <span class='ocrx_word' id='word_1_110' title='bbox 1565 973 1681 1013; x_wconf 84' lang='lat' dir='ltr'><strong>majore</strong></span> <span class='ocrx_word' id='word_1_111' title='bbox 1713 984 1770 1004; x_wconf 82' lang='lat' dir='ltr'><strong>nec</strong></span> <span class='ocrx_word' id='word_1_112' title='bbox 1802 984 1864 1004; x_wconf 86' lang='lat' dir='ltr'><strong>non</strong></span> <span class='ocrx_word' id='word_1_113' title='bbox 1898 973 2032 1004; x_wconf 88' lang='lat' dir='ltr'><strong>maculis</strong></span> <span class='ocrx_word' id='word_1_114' title='bbox 2062 974 2137 1006; x_wconf 86' lang='lat' dir='ltr'><strong>rufis</strong></span> <span class='ocrx_word' id='word_1_115' title='bbox 2167 974 2215 1005; x_wconf 89' lang='lat' dir='ltr'><strong>vel</strong></span> 
     </span>
     <span class='ocr_line' id='line_1_14' title="bbox 359 1027 2211 1069; baseline -0.001 -10"><span class='ocrx_word' id='word_1_116' title='bbox 359 1029 495 1059; x_wconf 83' lang='lat' dir='ltr'><strong>rosaceis</strong></span> <span class='ocrx_word' id='word_1_117' title='bbox 527 1029 620 1068; x_wconf 82' lang='lat' dir='ltr'><strong>plane</strong></span> <span class='ocrx_word' id='word_1_118' title='bbox 652 1028 873 1059; x_wconf 82' lang='lat' dir='ltr'><strong>deficientibus</strong></span> <span class='ocrx_word' id='word_1_119' title='bbox 895 1039 914 1058; x_wconf 91' lang='lat' dir='ltr'><strong>a</strong></span> <span class='ocrx_word' id='word_1_120' title='bbox 937 1027 1051 1058; x_wconf 88' lang='lat' dir='ltr'><strong>Cardio</strong></span> <span class='ocrx_word' id='word_1_121' title='bbox 1080 1029 1243 1068; x_wconf 85' lang='lat' dir='ltr'><strong>pectinato</strong></span> <span class='ocrx_word' id='word_1_122' title='bbox 1274 1028 1406 1058; x_wconf 80' lang='lat' dir='ltr'><strong>Linnaei</strong></span> <span class='ocrx_word' id='word_1_123' title='bbox 1440 1028 1486 1058; x_wconf 93' lang='lat' dir='ltr'><strong>vel</strong></span> <span class='ocrx_word' id='word_1_124' title='bbox 1511 1028 1630 1059; x_wconf 88' lang='lat' dir='ltr'><strong>aeolico</strong></span> <span class='ocrx_word' id='word_1_125' title='bbox 1663 1028 1772 1059; x_wconf 87' lang='lat' dir='ltr'><strong>Bornii</strong></span> <span class='ocrx_word' id='word_1_126' title='bbox 1801 1028 1891 1059; x_wconf 83' lang='lat' dir='ltr'><strong>facile</strong></span> <span class='ocrx_word' id='word_1_127' title='bbox 1915 1028 2072 1069; x_wconf 77' lang='lat' dir='ltr'><strong>distingui</strong></span> <span class='ocrx_word' id='word_1_128' title='bbox 2095 1031 2211 1069; x_wconf 79' lang='lat' dir='ltr'><strong>potest.</strong></span> 
     </span>
    </p>

    <p class='ocr_par' dir='ltr' id='par_1_8' title="bbox 357 1083 2215 1289">
     <span class='ocr_line' id='line_1_15' title="bbox 513 1083 2215 1124; baseline 0 -10"><span class='ocrx_word' id='word_1_129' title='bbox 513 1083 653 1124; x_wconf 85' lang='lat' dir='ltr'><strong>Utraque</strong></span> <span class='ocrx_word' id='word_1_130' title='bbox 677 1084 798 1123; x_wconf 82' lang='lat' dir='ltr'><strong>species</strong></span> <span class='ocrx_word' id='word_1_131' title='bbox 821 1083 985 1123; x_wconf 81' lang='lat' dir='ltr'><strong>sculptura</strong></span> <span class='ocrx_word' id='word_1_132' title='bbox 1008 1083 1173 1123; x_wconf 74' lang='lat' dir='ltr'><strong>singulari,</strong></span> <span class='ocrx_word' id='word_1_133' title='bbox 1199 1083 1385 1123; x_wconf 83' lang='lat' dir='ltr'><strong>praesertim</strong></span> <span class='ocrx_word' id='word_1_134' title='bbox 1409 1083 1506 1114; x_wconf 84' lang='lat' dir='ltr'><strong>costis</strong></span> <span class='ocrx_word' id='word_1_135' title='bbox 1530 1083 1670 1123; x_wconf 86' lang='lat' dir='ltr'><strong>obliquis</strong></span> <span class='ocrx_word' id='word_1_136' title='bbox 1693 1083 1836 1114; x_wconf 83' lang='lat' dir='ltr'><strong>anticum</strong></span> <span class='ocrx_word' id='word_1_137' title='bbox 1859 1085 1963 1114; x_wconf 82' lang='lat' dir='ltr'><strong>testae</strong></span> <span class='ocrx_word' id='word_1_138' title='bbox 1993 1084 2078 1115; x_wconf 89' lang='lat' dir='ltr'><strong>latus</strong></span> <span class='ocrx_word' id='word_1_139' title='bbox 2101 1086 2215 1115; x_wconf 83' lang='lat' dir='ltr'><strong>tenen—</strong></span> 
     </span>
     <span class='ocr_line' id='line_1_16' title="bbox 357 1138 2215 1178; baseline 0 -9"><span class='ocrx_word' id='word_1_140' title='bbox 357 1139 445 1170; x_wconf 81' lang='lat' dir='ltr'><strong>tibus</strong></span> <span class='ocrx_word' id='word_1_141' title='bbox 480 1142 618 1170; x_wconf 84' lang='lat' dir='ltr'><strong>notatur.</strong></span> <span class='ocrx_word' id='word_1_142' title='bbox 682 1138 849 1169; x_wconf 83' lang='lat' dir='ltr'><strong>Praeterea</strong></span> <span class='ocrx_word' id='word_1_143' title='bbox 887 1138 1043 1169; x_wconf 84' lang='lat' dir='ltr'><strong>accedunt</strong></span> <span class='ocrx_word' id='word_1_144' title='bbox 1083 1138 1197 1169; x_wconf 88' lang='lat' dir='ltr'><strong>Cardia</strong></span> <span class='ocrx_word' id='word_1_145' title='bbox 1239 1138 1334 1168; x_wconf 87' lang='lat' dir='ltr'><strong>simili</strong></span> <span class='ocrx_word' id='word_1_146' title='bbox 1377 1140 1537 1169; x_wconf 79' lang='lat' dir='ltr'><strong>structura</strong></span> <span class='ocrx_word' id='word_1_147' title='bbox 1577 1138 1731 1178; x_wconf 70' lang='lat' dir='ltr'><strong>insignia,</strong></span> <span class='ocrx_word' id='word_1_148' title='bbox 1775 1139 1995 1170; x_wconf 84' lang='lat' dir='ltr'><strong>aurantiacum</strong></span> <span class='ocrx_word' id='word_1_149' title='bbox 2032 1139 2153 1169; x_wconf 81' lang='lat' dir='ltr'><strong>scilicet</strong></span> <span class='ocrx_word' id='word_1_150' title='bbox 2183 1141 2215 1169; x_wconf 85' lang='lat' dir='ltr'><strong>et</strong></span> 
     </span>
     <span class='ocr_line' id='line_1_17' title="bbox 358 1192 2214 1233; baseline 0 -9"><span class='ocrx_word' id='word_1_151' title='bbox 358 1193 628 1225; x_wconf 74' lang='lat' dir='ltr'><strong>Kalamantzinum</strong></span> <span class='ocrx_word' id='word_1_152' title='bbox 654 1193 785 1230; x_wconf 84' lang='lat' dir='ltr'><strong>(Adams</strong></span> <span class='ocrx_word' id='word_1_153' title='bbox 809 1196 840 1224; x_wconf 84' lang='lat' dir='ltr'><strong>et</strong></span> <span class='ocrx_word' id='word_1_154' title='bbox 864 1193 967 1223; x_wconf 75' lang='lat' dir='ltr'><strong>Reeve</strong></span> <span class='ocrx_word' id='word_1_155' title='bbox 991 1192 1168 1233; x_wconf 77' lang='lat' dir='ltr'><strong>Samarang</strong></span> <span class='ocrx_word' id='word_1_156' title='bbox 1190 1204 1261 1233; x_wconf 78' lang='lat' dir='ltr'><strong>pag.</strong></span> <span class='ocrx_word' id='word_1_157' title='bbox 1279 1193 1332 1232; x_wconf 78' lang='lat'><strong>77)</strong></span> <span class='ocrx_word' id='word_1_158' title='bbox 1358 1203 1415 1223; x_wconf 86' lang='lat' dir='ltr'><strong>nec</strong></span> <span class='ocrx_word' id='word_1_159' title='bbox 1439 1204 1501 1223; x_wconf 88' lang='lat' dir='ltr'><strong>non</strong></span> <span class='ocrx_word' id='word_1_160' title='bbox 1526 1194 1647 1233; x_wconf 73' lang='lat' dir='ltr'><strong>species</strong></span> <span class='ocrx_word' id='word_1_161' title='bbox 1670 1193 1811 1224; x_wconf 83' lang='lat' dir='ltr'><strong>fossiles:</strong></span> <span class='ocrx_word' id='word_1_162' title='bbox 1839 1193 1989 1224; x_wconf 86' lang='lat' dir='ltr'><strong>Cardium</strong></span> <span class='ocrx_word' id='word_1_163' title='bbox 2016 1193 2214 1225; x_wconf 82' lang='lat' dir='ltr'><strong>Helveticum</strong></span> 
     </span>
     <span class='ocr_line' id='line_1_18' title="bbox 357 1247 1491 1289; baseline -0.001 -10"><span class='ocrx_word' id='word_1_164' title='bbox 357 1248 463 1289; x_wconf 82' lang='lat' dir='ltr'><strong>Mayer</strong></span> <span class='ocrx_word' id='word_1_165' title='bbox 486 1249 599 1289; x_wconf 75' lang='lat' dir='ltr'><strong>(Verst.</strong></span> <span class='ocrx_word' id='word_1_166' title='bbox 624 1249 680 1279; x_wconf 86' lang='lat' dir='ltr'><strong>des</strong></span> <span class='ocrx_word' id='word_1_167' title='bbox 704 1248 834 1279; x_wconf 77' lang='lat' dir='ltr'><strong>Par-sian</strong></span> <span class='ocrx_word' id='word_1_168' title='bbox 860 1258 930 1288; x_wconf 84' lang='lat' dir='ltr'><strong>pag.</strong></span> <span class='ocrx_word' id='word_1_169' title='bbox 955 1248 1004 1278; x_wconf 78' lang='lat'>34.</span> <span class='ocrx_word' id='word_1_170' title='bbox 1029 1247 1106 1278; x_wconf 90' lang='lat' dir='ltr'><strong>Tab.</strong></span> <span class='ocrx_word' id='word_1_171' title='bbox 1134 1249 1159 1278; x_wconf 87' lang='lat' dir='ltr'><strong>l.</strong></span> <span class='ocrx_word' id='word_1_172' title='bbox 1184 1248 1235 1287; x_wconf 83' lang='lat' dir='ltr'>fig.</span> <span class='ocrx_word' id='word_1_173' title='bbox 1261 1248 1315 1287; x_wconf 86' lang='lat'><strong>22)</strong></span> <span class='ocrx_word' id='word_1_174' title='bbox 1340 1247 1491 1288; x_wconf 86' lang='lat' dir='ltr'><strong>aliaeque.</strong></span> 
     </span>
    </p>

    <p class='ocr_par' dir='ltr' id='par_1_9' title="bbox 358 1302 2214 1500">
     <span class='ocr_line' id='line_1_19' title="bbox 512 1302 2212 1344; baseline 0 -10"><span class='ocrx_word' id='word_1_175' title='bbox 512 1304 578 1335; x_wconf 84' lang='lat' dir='ltr'><strong>Hae</strong></span> <span class='ocrx_word' id='word_1_176' title='bbox 610 1303 749 1334; x_wconf 81' lang='lat' dir='ltr'><strong>conchae</strong></span> <span class='ocrx_word' id='word_1_177' title='bbox 781 1314 851 1334; x_wconf 87' lang='lat' dir='ltr'><strong>cum</strong></span> <span class='ocrx_word' id='word_1_178' title='bbox 883 1302 1098 1333; x_wconf 87' lang='lat' dir='ltr'><strong>Laevicardiis</strong></span> <span class='ocrx_word' id='word_1_179' title='bbox 1129 1302 1310 1334; x_wconf 84' lang='lat' dir='ltr'><strong>Swainsoni</strong></span> <span class='ocrx_word' id='word_1_180' title='bbox 1341 1303 1527 1343; x_wconf 87' lang='lat' dir='ltr'><strong>plerumque</strong></span> <span class='ocrx_word' id='word_1_181' title='bbox 1560 1303 1758 1343; x_wconf 75' lang='lat' dir='ltr'><strong>conjunctae.</strong></span> <span class='ocrx_word' id='word_1_182' title='bbox 1792 1304 1953 1344; x_wconf 82' lang='lat' dir='ltr'><strong>propriam</strong></span> <span class='ocrx_word' id='word_1_183' title='bbox 1977 1315 2053 1335; x_wconf 86' lang='lat' dir='ltr'><strong>sane</strong></span> <span class='ocrx_word' id='word_1_184' title='bbox 2076 1306 2107 1334; x_wconf 83' lang='lat' dir='ltr'><strong>et</strong></span> <span class='ocrx_word' id='word_1_185' title='bbox 2131 1303 2212 1335; x_wconf 88' lang='lat' dir='ltr'><strong>bene</strong></span> 
     </span>
     <span class='ocr_line' id='line_1_20' title="bbox 358 1358 2209 1398; baseline -0.001 -8"><span class='ocrx_word' id='word_1_186' title='bbox 358 1359 542 1390; x_wconf 75' lang='lat' dir='ltr'><strong>distinctam</strong></span> <span class='ocrx_word' id='word_1_187' title='bbox 575 1358 759 1389; x_wconf 82' lang='lat' dir='ltr'><strong>Cardiorum</strong></span> <span class='ocrx_word' id='word_1_188' title='bbox 792 1359 978 1389; x_wconf 86' lang='lat' dir='ltr'><strong>divisionem</strong></span> <span class='ocrx_word' id='word_1_189' title='bbox 1011 1358 1159 1391; x_wconf 80' lang='lat' dir='ltr'><strong>formant.</strong></span> <span class='ocrx_word' id='word_1_190' title='bbox 1193 1359 1238 1388; x_wconf 86' lang='lat' dir='ltr'><strong>ita</strong></span> <span class='ocrx_word' id='word_1_191' title='bbox 1269 1361 1302 1388; x_wconf 85' lang='lat' dir='ltr'><strong>ut</strong></span> <span class='ocrx_word' id='word_1_192' title='bbox 1334 1358 1500 1397; x_wconf 81' lang='lat' dir='ltr'><strong>speciebus</strong></span> <span class='ocrx_word' id='word_1_193' title='bbox 1531 1370 1625 1398; x_wconf 86' lang='lat' dir='ltr'><strong>supra</strong></span> <span class='ocrx_word' id='word_1_194' title='bbox 1649 1359 1755 1389; x_wconf 81' lang='lat' dir='ltr'><strong>citatis</strong></span> <span class='ocrx_word' id='word_1_195' title='bbox 1779 1369 1893 1389; x_wconf 87' lang='lat' dir='ltr'><strong>nomen</strong></span> <span class='ocrx_word' id='word_1_196' title='bbox 1918 1359 1963 1389; x_wconf 87' lang='lat' dir='ltr'><strong>sic</strong></span> <span class='ocrx_word' id='word_1_197' title='bbox 1988 1359 2108 1389; x_wconf 85' lang='lat' dir='ltr'><strong>dictum</strong></span> <span class='ocrx_word' id='word_1_198' title='bbox 2132 1359 2209 1389; x_wconf 84' lang='lat' dir='ltr'><strong>sub-</strong></span> 
     </span>
     <span class='ocr_line' id='line_1_21' title="bbox 358 1413 2214 1454; baseline -0.001 -9"><span class='ocrx_word' id='word_1_199' title='bbox 358 1414 539 1454; x_wconf 84' lang='lat' dir='ltr'><strong>genericum</strong></span> <span class='ocrx_word' id='word_1_200' title='bbox 569 1415 752 1454; x_wconf 81' lang='lat' dir='ltr'><strong>imponatur</strong></span> <span class='ocrx_word' id='word_1_201' title='bbox 786 1423 912 1444; x_wconf 82' lang='lat' dir='ltr'><strong>necesse</strong></span> <span class='ocrx_word' id='word_1_202' title='bbox 944 1413 1088 1450; x_wconf 73' lang='lat' dir='ltr'><strong>habeam,</strong></span> <span class='ocrx_word' id='word_1_203' title='bbox 1124 1424 1187 1453; x_wconf 86' lang='lat' dir='ltr'><strong>qua</strong></span> <span class='ocrx_word' id='word_1_204' title='bbox 1219 1413 1255 1444; x_wconf 83' lang='lat' dir='ltr'><strong>de</strong></span> <span class='ocrx_word' id='word_1_205' title='bbox 1280 1423 1375 1443; x_wconf 79' lang='lat' dir='ltr'><strong>causa</strong></span> <span class='ocrx_word' id='word_1_206' title='bbox 1403 1413 1621 1444; x_wconf 76' lang='lat' dir='ltr'><strong>denominatio</strong></span> <span class='ocrx_word' id='word_1_207' title='bbox 1655 1413 2047 1453; x_wconf 66' lang='lat' dir='ltr'><strong>„Divergicardium“</strong></span> <span class='ocrx_word' id='word_1_208' title='bbox 2083 1417 2158 1453; x_wconf 84' lang='lat' dir='ltr'><strong>apta</strong></span> <span class='ocrx_word' id='word_1_209' title='bbox 2182 1416 2214 1444; x_wconf 78' lang='lat' dir='ltr'><strong>et</strong></span> 
     </span>
     <span class='ocr_line' id='line_1_22' title="bbox 358 1469 1285 1500; baseline -0.005 0"><span class='ocrx_word' id='word_1_210' title='bbox 358 1470 471 1500; x_wconf 88' lang='lat' dir='ltr'><strong>idonea</strong></span> <span class='ocrx_word' id='word_1_211' title='bbox 494 1469 571 1500; x_wconf 90' lang='lat' dir='ltr'><strong>mihi</strong></span> <span class='ocrx_word' id='word_1_212' title='bbox 596 1469 729 1500; x_wconf 85' lang='lat' dir='ltr'><strong>videtur.</strong></span> <span class='ocrx_word' id='word_1_213' title='bbox 1282 1470 1285 1474; x_wconf 92' lang='lat'>&#39;</span> 
     </span>
    </p>

    <p class='ocr_par' dir='ltr' id='par_1_10' title="bbox 512 1523 1428 1563">
     <span class='ocr_line' id='line_1_23' title="bbox 512 1523 1428 1563; baseline -0.001 -9"><span class='ocrx_word' id='word_1_214' title='bbox 512 1523 660 1555; x_wconf 73' lang='lat' dir='ltr'><strong>Car-dium</strong></span> <span class='ocrx_word' id='word_1_215' title='bbox 686 1524 813 1554; x_wconf 78' lang='lat' dir='ltr'><strong>lii-atum</strong></span> <span class='ocrx_word' id='word_1_216' title='bbox 838 1535 856 1554; x_wconf 90' lang='lat' dir='ltr'><strong>a</strong></span> <span class='ocrx_word' id='word_1_217' title='bbox 878 1523 1011 1563; x_wconf 84' lang='lat' dir='ltr'><strong>Japanis</strong></span> <span class='ocrx_word' id='word_1_218' title='bbox 1038 1523 1209 1563; x_wconf 85' lang='lat' dir='ltr'><strong>„Gin-gio“</strong></span> <span class='ocrx_word' id='word_1_219' title='bbox 1237 1523 1428 1554; x_wconf 85' lang='lat' dir='ltr'><strong>nominatur.</strong></span> 
     </span>
    </p>
   </div>
   <div class='ocr_carea' id='block_1_7' title="bbox 512 1607 2212 1776">
    <p class='ocr_par' dir='ltr' id='par_1_11' title="bbox 512 1607 2212 1776">
     <span class='ocr_line' id='line_1_24' title="bbox 1020 1607 1549 1639; baseline 0 -1"><span class='ocrx_word' id='word_1_220' title='bbox 1020 1607 1213 1639; x_wconf 77' lang='lat' dir='ltr'><strong>Car-dium</strong></span> <span class='ocrx_word' id='word_1_221' title='bbox 1248 1610 1428 1639; x_wconf 78' lang='lat' dir='ltr'><strong>retusum</strong></span> <span class='ocrx_word' id='word_1_222' title='bbox 1465 1607 1549 1638; x_wconf 89' lang='lat' dir='ltr'><strong>Lin.</strong></span> 
     </span>
     <span class='ocr_line' id='line_1_25' title="bbox 566 1673 1814 1708; baseline -0.001 -8"><span class='ocrx_word' id='word_1_223' title='bbox 566 1675 636 1708; x_wconf 75' lang='lat' dir='ltr'><strong>Syst.</strong></span> <span class='ocrx_word' id='word_1_224' title='bbox 657 1674 721 1700; x_wconf 78' lang='lat' dir='ltr'><strong>Nat.</strong></span> <span class='ocrx_word' id='word_1_225' title='bbox 741 1674 782 1700; x_wconf 87' lang='lat' dir='ltr'><strong>ed.</strong></span> <span class='ocrx_word' id='word_1_226' title='bbox 805 1674 841 1699; x_wconf 89' lang='lat'><strong>12.</strong></span> <span class='ocrx_word' id='word_1_227' title='bbox 863 1682 923 1708; x_wconf 83' lang='lat' dir='ltr'><strong>pag.</strong></span> <span class='ocrx_word' id='word_1_228' title='bbox 944 1674 1017 1699; x_wconf 87' lang='lat'>1121.</span> <span class='ocrx_word' id='word_1_229' title='bbox 1058 1674 1167 1700; x_wconf 80' lang='lat' dir='ltr'><strong>Rceve</strong></span> <span class='ocrx_word' id='word_1_230' title='bbox 1187 1674 1284 1700; x_wconf 86' lang='lat' dir='ltr'><strong>Conch.</strong></span> <span class='ocrx_word' id='word_1_231' title='bbox 1303 1675 1370 1700; x_wconf 89' lang='lat' dir='ltr'><strong>icon.</strong></span> <span class='ocrx_word' id='word_1_232' title='bbox 1389 1674 1439 1700; x_wconf 85' lang='lat' dir='ltr'><strong>vol.</strong></span> <span class='ocrx_word' id='word_1_233' title='bbox 1459 1674 1482 1700; x_wconf 89' lang='lat'><strong>2.</strong></span> <span class='ocrx_word' id='word_1_234' title='bbox 1521 1673 1648 1699; x_wconf 76' lang='lat' dir='ltr'><strong>Cardium</strong></span> <span class='ocrx_word' id='word_1_235' title='bbox 1667 1681 1735 1707; x_wconf 84' lang='lat' dir='ltr'><strong>spec.</strong></span> <span class='ocrx_word' id='word_1_236' title='bbox 1758 1674 1814 1700; x_wconf 84' lang='lat'>103.</span> 
     </span>
     <span class='ocr_line' id='line_1_26' title="bbox 512 1732 2212 1776; baseline -0.001 -10"><span class='ocrx_word' id='word_1_237' title='bbox 512 1735 676 1776; x_wconf 81' lang='lat' dir='ltr'><strong>Specimen</strong></span> <span class='ocrx_word' id='word_1_238' title='bbox 714 1735 820 1766; x_wconf 88' lang='lat' dir='ltr'><strong>minus</strong></span> <span class='ocrx_word' id='word_1_239' title='bbox 859 1734 1023 1775; x_wconf 86' lang='lat' dir='ltr'><strong>paululum</strong></span> <span class='ocrx_word' id='word_1_240' title='bbox 1058 1735 1218 1766; x_wconf 86' lang='lat' dir='ltr'><strong>detritum.</strong></span> <span class='ocrx_word' id='word_1_241' title='bbox 1265 1735 1350 1766; x_wconf 89' lang='lat' dir='ltr'><strong>Haec</strong></span> <span class='ocrx_word' id='word_1_242' title='bbox 1384 1735 1504 1775; x_wconf 87' lang='lat' dir='ltr'><strong>species</strong></span> <span class='ocrx_word' id='word_1_243' title='bbox 1542 1735 1668 1775; x_wconf 87' lang='lat' dir='ltr'><strong>saepius</strong></span> <span class='ocrx_word' id='word_1_244' title='bbox 1702 1735 1876 1766; x_wconf 84' lang='lat' dir='ltr'><strong>commixta</strong></span> <span class='ocrx_word' id='word_1_245' title='bbox 1911 1736 1959 1765; x_wconf 89' lang='lat' dir='ltr'><strong>est</strong></span> <span class='ocrx_word' id='word_1_246' title='bbox 1993 1744 2064 1764; x_wconf 85' lang='lat' dir='ltr'><strong>cum</strong></span> <span class='ocrx_word' id='word_1_247' title='bbox 2097 1732 2212 1765; x_wconf 87' lang='lat' dir='ltr'><strong>Cardio</strong></span> 
     </span>
    </p>
   </div>
   <div class='ocr_carea' id='block_1_8' title="bbox 356 1784 2212 1885">
    <p class='ocr_par' dir='ltr' id='par_1_12' title="bbox 356 1784 2212 1885">
     <span class='ocr_line' id='line_1_27' title="bbox 356 1784 2212 1830; baseline -0.002 -8"><span class='ocrx_word' id='word_1_248' title='bbox 356 1791 496 1822; x_wconf 83' lang='lat' dir='ltr'><strong>auricula</strong></span> <span class='ocrx_word' id='word_1_249' title='bbox 520 1784 678 1822; x_wconf 66' lang='lat' dir='ltr'><strong>Forskfflii</strong></span> <span class='ocrx_word' id='word_1_250' title='bbox 701 1790 802 1821; x_wconf 83' lang='lat' dir='ltr'><strong>multo</strong></span> <span class='ocrx_word' id='word_1_251' title='bbox 827 1790 943 1830; x_wconf 81' lang='lat' dir='ltr'><strong>majore</strong></span> <span class='ocrx_word' id='word_1_252' title='bbox 966 1791 1045 1821; x_wconf 79' lang='lat' dir='ltr'><strong>satis</strong></span> <span class='ocrx_word' id='word_1_253' title='bbox 1070 1790 1194 1821; x_wconf 88' lang='lat' dir='ltr'><strong>diverso</strong></span> <span class='ocrx_word' id='word_1_254' title='bbox 1217 1789 1312 1830; x_wconf 82' lang='lat' dir='ltr'><strong>(conf.</strong></span> <span class='ocrx_word' id='word_1_255' title='bbox 1339 1789 1450 1820; x_wconf 85' lang='lat' dir='ltr'><strong>Fauna</strong></span> <span class='ocrx_word' id='word_1_256' title='bbox 1474 1790 1613 1820; x_wconf 83' lang='lat' dir='ltr'><strong>Arabica</strong></span> <span class='ocrx_word' id='word_1_257' title='bbox 1635 1799 1708 1829; x_wconf 82' lang='lat' dir='ltr'><strong>pag.</strong></span> <span class='ocrx_word' id='word_1_258' title='bbox 1735 1789 1808 1829; x_wconf 87' lang='lat'>122)</span> <span class='ocrx_word' id='word_1_259' title='bbox 1833 1800 1872 1820; x_wconf 88' lang='lat' dir='ltr'><strong>ex</strong></span> <span class='ocrx_word' id='word_1_260' title='bbox 1897 1800 1942 1830; x_wconf 82' lang='lat' dir='ltr'><strong>gr.</strong></span> <span class='ocrx_word' id='word_1_261' title='bbox 1968 1800 1986 1819; x_wconf 90' lang='lat' dir='ltr'><strong>a</strong></span> <span class='ocrx_word' id='word_1_262' title='bbox 2010 1787 2212 1819; x_wconf 87' lang='lat' dir='ltr'><strong>Chemnitzio</strong></span> 
     </span>
     <span class='ocr_line' id='line_1_28' title="bbox 357 1843 2212 1885; baseline -0.002 -8"><span class='ocrx_word' id='word_1_263' title='bbox 357 1846 487 1885; x_wconf 89' lang='lat' dir='ltr'><strong>(Conch.</strong></span> <span class='ocrx_word' id='word_1_264' title='bbox 513 1845 589 1877; x_wconf 86' lang='lat' dir='ltr'><strong>Cab.</strong></span> <span class='ocrx_word' id='word_1_265' title='bbox 614 1845 675 1876; x_wconf 86' lang='lat' dir='ltr'><strong>vol.</strong></span> <span class='ocrx_word' id='word_1_266' title='bbox 700 1846 728 1875; x_wconf 90' lang='grc'><strong>6.</strong></span> <span class='ocrx_word' id='word_1_267' title='bbox 753 1856 824 1885; x_wconf 79' lang='lat' dir='ltr'><strong>pag.</strong></span> <span class='ocrx_word' id='word_1_268' title='bbox 851 1844 924 1885; x_wconf 74' lang='lat'>147)</span> <span class='ocrx_word' id='word_1_269' title='bbox 950 1845 1066 1885; x_wconf 85' lang='lat' dir='ltr'><strong>pariter</strong></span> <span class='ocrx_word' id='word_1_270' title='bbox 1089 1856 1108 1875; x_wconf 88' lang='lat' dir='ltr'><strong>a.</strong></span> <span class='ocrx_word' id='word_1_271' title='bbox 1131 1844 1287 1882; x_wconf 81' lang='lat' dir='ltr'><strong>Gmelino‚</strong></span> <span class='ocrx_word' id='word_1_272' title='bbox 1312 1845 1367 1884; x_wconf 86' lang='lat' dir='ltr'><strong>qui</strong></span> <span class='ocrx_word' id='word_1_273' title='bbox 1391 1843 1626 1875; x_wconf 85' lang='lat' dir='ltr'><strong>Chemnitzium</strong></span> <span class='ocrx_word' id='word_1_274' title='bbox 1658 1855 1781 1885; x_wconf 84' lang='lat' dir='ltr'><strong>semper</strong></span> <span class='ocrx_word' id='word_1_275' title='bbox 1812 1844 1925 1875; x_wconf 87' lang='lat' dir='ltr'><strong>ducem</strong></span> <span class='ocrx_word' id='word_1_276' title='bbox 1956 1843 2053 1875; x_wconf 87' lang='lat' dir='ltr'><strong>habet</strong></span> <span class='ocrx_word' id='word_1_277' title='bbox 2084 1845 2115 1874; x_wconf 81' lang='lat' dir='ltr'><strong>et</strong></span> <span class='ocrx_word' id='word_1_278' title='bbox 2150 1843 2212 1883; x_wconf 88' lang='lat' dir='ltr'><strong>ipsi</strong></span> 
     </span>
    </p>
   </div>
   <div class='ocr_carea' id='block_1_9' title="bbox 356 1900 2212 1999">
    <p class='ocr_par' dir='ltr' id='par_1_13' title="bbox 356 1900 2212 1999">
     <span class='ocr_line' id='line_1_29' title="bbox 356 1900 764 1932; baseline -0.002 -1"><span class='ocrx_word' id='word_1_279' title='bbox 356 1905 473 1932; x_wconf 82' lang='lat' dir='ltr'><strong>temere</strong></span> <span class='ocrx_word' id='word_1_280' title='bbox 496 1901 652 1931; x_wconf 79' lang='lat' dir='ltr'><strong>assentire</strong></span> <span class='ocrx_word' id='word_1_281' title='bbox 675 1900 764 1931; x_wconf 88' lang='lat' dir='ltr'><strong>solet.</strong></span> 
     </span>
     <span class='ocr_line' id='line_1_30' title="bbox 511 1953 2212 1999; baseline -0.001 -13"><span class='ocrx_word' id='word_1_282' title='bbox 511 1955 660 1987; x_wconf 75' lang='lat' dir='ltr'><strong>Car-dium</strong></span> <span class='ocrx_word' id='word_1_283' title='bbox 684 1957 825 1986; x_wconf 81' lang='lat' dir='ltr'><strong>retusum</strong></span> <span class='ocrx_word' id='word_1_284' title='bbox 857 1954 896 1985; x_wconf 85' lang='lat' dir='ltr'><strong>ad</strong></span> <span class='ocrx_word' id='word_1_285' title='bbox 920 1954 1162 1986; x_wconf 88' lang='lat' dir='ltr'><strong>Lunulicardias</strong></span> <span class='ocrx_word' id='word_1_286' title='bbox 1194 1954 1331 1995; x_wconf 78' lang='lat' dir='ltr'><strong>pertinet</strong></span> <span class='ocrx_word' id='word_1_287' title='bbox 1354 1954 1396 1999; x_wconf 85' lang='lat' dir='ltr'><strong>ob</strong></span> <span class='ocrx_word' id='word_1_288' title='bbox 1418 1955 1560 1986; x_wconf 89' lang='lat' dir='ltr'><strong>lunulam</strong></span> <span class='ocrx_word' id='word_1_289' title='bbox 1593 1955 1783 1995; x_wconf 85' lang='lat' dir='ltr'><strong>peculiarem</strong></span> <span class='ocrx_word' id='word_1_290' title='bbox 1811 1953 2058 1995; x_wconf 75' lang='lat' dir='ltr'><strong>profundissime</strong></span> <span class='ocrx_word' id='word_1_291' title='bbox 2081 1953 2212 1994; x_wconf 88' lang='lat' dir='ltr'><strong>impres-</strong></span> 
     </span>
    </p>
   </div>
   <div class='ocr_carea' id='block_1_10' title="bbox 360 2009 1456 2044">
    <p class='ocr_par' dir='ltr' id='par_1_14' title="bbox 360 2009 1456 2044">
     <span class='ocr_line' id='line_1_31' title="bbox 360 2009 1456 2044; baseline -0.002 -2"><span class='ocrx_word' id='word_1_292' title='bbox 360 2022 437 2044; x_wconf 80' lang='lat' dir='ltr'><strong>sam.</strong></span> <span class='ocrx_word' id='word_1_293' title='bbox 464 2011 652 2042; x_wconf 77' lang='lat' dir='ltr'><strong>divisionem</strong></span> <span class='ocrx_word' id='word_1_294' title='bbox 676 2009 920 2041; x_wconf 82' lang='lat' dir='ltr'><strong>Cardiaceorum</strong></span> <span class='ocrx_word' id='word_1_295' title='bbox 944 2009 1025 2040; x_wconf 88' lang='lat' dir='ltr'><strong>bene</strong></span> <span class='ocrx_word' id='word_1_296' title='bbox 1047 2011 1249 2042; x_wconf 79' lang='lat' dir='ltr'><strong>terminatam</strong></span> <span class='ocrx_word' id='word_1_297' title='bbox 1274 2011 1456 2042; x_wconf 84' lang='lat' dir='ltr'><strong>formantes.</strong></span> 
     </span>
    </p>
   </div>
   <div class='ocr_carea' id='block_1_11' title="bbox 561 2093 2208 2194">
    <p class='ocr_par' dir='ltr' id='par_1_15' title="bbox 561 2093 2208 2194">
     <span class='ocr_line' id='line_1_32' title="bbox 892 2093 1663 2126; baseline 0 -2"><span class='ocrx_word' id='word_1_298' title='bbox 892 2093 1081 2125; x_wconf 76' lang='lat' dir='ltr'><strong>Cardiam</strong></span> <span class='ocrx_word' id='word_1_299' title='bbox 1117 2094 1464 2126; x_wconf 87' lang='lat' dir='ltr'><strong>Groenlandicum</strong></span> <span class='ocrx_word' id='word_1_300' title='bbox 1503 2094 1663 2126; x_wconf 87' lang='lat' dir='ltr'><strong>Chemn.</strong></span> 
     </span>
     <span class='ocr_line' id='line_1_33' title="bbox 561 2158 2208 2194; baseline -0.002 -7"><span class='ocrx_word' id='word_1_301' title='bbox 561 2160 657 2187; x_wconf 76' lang='lat' dir='ltr'><strong>Conch.</strong></span> <span class='ocrx_word' id='word_1_302' title='bbox 678 2160 743 2187; x_wconf 88' lang='lat' dir='ltr'><strong>Cab.</strong></span> <span class='ocrx_word' id='word_1_303' title='bbox 762 2161 814 2186; x_wconf 76' lang='lat' dir='ltr'><strong>vol.</strong></span> <span class='ocrx_word' id='word_1_304' title='bbox 834 2161 856 2186; x_wconf 77' lang='grc'><strong>6.</strong></span> <span class='ocrx_word' id='word_1_305' title='bbox 877 2168 937 2194; x_wconf 81' lang='lat' dir='ltr'><strong>pag.</strong></span> <span class='ocrx_word' id='word_1_306' title='bbox 968 2161 1024 2187; x_wconf 86' lang='lat'>202.</span> <span class='ocrx_word' id='word_1_307' title='bbox 1055 2161 1120 2187; x_wconf 79' lang='lat' dir='ltr'><strong>Tab.</strong></span> <span class='ocrx_word' id='word_1_308' title='bbox 1142 2161 1181 2187; x_wconf 84' lang='lat'>19.</span> <span class='ocrx_word' id='word_1_309' title='bbox 1200 2162 1244 2194; x_wconf 85' lang='lat' dir='ltr'><strong>tig.</strong></span> <span class='ocrx_word' id='word_1_310' title='bbox 1266 2161 1322 2187; x_wconf 83' lang='lat'>198.</span> <span class='ocrx_word' id='word_1_311' title='bbox 1359 2161 1535 2187; x_wconf 83' lang='lat' dir='ltr'><strong>Schrenck</strong></span> <span class='ocrx_word' id='word_1_312' title='bbox 1560 2161 1656 2187; x_wconf 84' lang='lat' dir='ltr'><strong>Reisen</strong></span> <span class='ocrx_word' id='word_1_313' title='bbox 1684 2161 1719 2186; x_wconf 89' lang='lat' dir='ltr'><strong>im</strong></span> <span class='ocrx_word' id='word_1_314' title='bbox 1740 2160 1840 2186; x_wconf 88' lang='lat' dir='ltr'><strong>Amurl.</strong></span> <span class='ocrx_word' id='word_1_315' title='bbox 1862 2160 1912 2186; x_wconf 88' lang='lat' dir='ltr'><strong>vol.</strong></span> <span class='ocrx_word' id='word_1_316' title='bbox 1933 2160 1957 2186; x_wconf 88' lang='lat'>2.</span> <span class='ocrx_word' id='word_1_317' title='bbox 1977 2159 2050 2186; x_wconf 77' lang='lat' dir='ltr'><strong>Moli.</strong></span> <span class='ocrx_word' id='word_1_318' title='bbox 2069 2166 2131 2193; x_wconf 84' lang='lat' dir='ltr'><strong>pag.</strong></span> <span class='ocrx_word' id='word_1_319' title='bbox 2151 2158 2208 2185; x_wconf 86' lang='lat'>516.</span> 
     </span>
    </p>
   </div>
   <div class='ocr_carea' id='block_1_12' title="bbox 509 2220 1820 2317">
    <p class='ocr_par' dir='ltr' id='par_1_16' title="bbox 509 2220 1820 2317">
     <span class='ocr_line' id='line_1_34' title="bbox 511 2220 1078 2260; baseline 0 -8"><span class='ocrx_word' id='word_1_320' title='bbox 511 2221 639 2253; x_wconf 86' lang='lat' dir='ltr'><strong>Fretum</strong></span> <span class='ocrx_word' id='word_1_321' title='bbox 663 2220 845 2252; x_wconf 86' lang='lat' dir='ltr'><strong>Tataricum</strong></span> <span class='ocrx_word' id='word_1_322' title='bbox 871 2220 1078 2260; x_wconf 87' lang='lat' dir='ltr'><strong>(Lindholm).</strong></span> 
     </span>
     <span class='ocr_line' id='line_1_35' title="bbox 509 2276 1820 2317; baseline -0.002 -9"><span class='ocrx_word' id='word_1_323' title='bbox 509 2277 554 2308; x_wconf 87' lang='lat' dir='ltr'><strong>De</strong></span> <span class='ocrx_word' id='word_1_324' title='bbox 576 2277 642 2308; x_wconf 83' lang='lat' dir='ltr'><strong>lata</strong></span> <span class='ocrx_word' id='word_1_325' title='bbox 666 2276 760 2307; x_wconf 85' lang='lat' dir='ltr'><strong>huius</strong></span> <span class='ocrx_word' id='word_1_326' title='bbox 783 2276 899 2316; x_wconf 82' lang='lat' dir='ltr'><strong>speciei</strong></span> <span class='ocrx_word' id='word_1_327' title='bbox 922 2277 954 2307; x_wconf 91' lang='lat' dir='ltr'><strong>in</strong></span> <span class='ocrx_word' id='word_1_328' title='bbox 980 2277 1073 2317; x_wconf 88' lang='lat' dir='ltr'><strong>aquis</strong></span> <span class='ocrx_word' id='word_1_329' title='bbox 1096 2277 1223 2308; x_wconf 85' lang='lat' dir='ltr'><strong>arcticis</strong></span> <span class='ocrx_word' id='word_1_330' title='bbox 1247 2276 1442 2316; x_wconf 84' lang='lat' dir='ltr'><strong>dispersione</strong></span> <span class='ocrx_word' id='word_1_331' title='bbox 1465 2276 1546 2308; x_wconf 86' lang='lat' dir='ltr'><strong>conf.</strong></span> <span class='ocrx_word' id='word_1_332' title='bbox 1573 2276 1736 2307; x_wconf 85' lang='lat' dir='ltr'><strong>Schrenck</strong></span> <span class='ocrx_word' id='word_1_333' title='bbox 1758 2276 1777 2307; x_wconf 92' lang='lat' dir='ltr'><strong>l.</strong></span> <span class='ocrx_word' id='word_1_334' title='bbox 1801 2276 1820 2306; x_wconf 90' lang='lat' dir='ltr'><strong>l.</strong></span> 
     </span>
    </p>
   </div>
   <div class='ocr_carea' id='block_1_13' title="bbox 877 2360 1679 2393">
    <p class='ocr_par' dir='ltr' id='par_1_17' title="bbox 877 2360 1679 2393">
     <span class='ocr_line' id='line_1_36' title="bbox 877 2360 1679 2393; baseline 0 -1"><span class='ocrx_word' id='word_1_335' title='bbox 877 2360 1068 2393; x_wconf 86' lang='lat' dir='ltr'><strong>Cardium</strong></span> <span class='ocrx_word' id='word_1_336' title='bbox 1103 2361 1250 2392; x_wconf 79' lang='lat' dir='ltr'><strong>Bechei</strong></span> <span class='ocrx_word' id='word_1_337' title='bbox 1286 2360 1433 2392; x_wconf 88' lang='lat' dir='ltr'><strong>Adams</strong></span> <span class='ocrx_word' id='word_1_338' title='bbox 1468 2363 1504 2392; x_wconf 79' lang='lat' dir='ltr'><strong>et</strong></span> <span class='ocrx_word' id='word_1_339' title='bbox 1536 2360 1679 2392; x_wconf 86' lang='lat' dir='ltr'><strong>Reeve.</strong></span> 
     </span>
    </p>
   </div>
   <div class='ocr_carea' id='block_1_14' title="bbox 559 2426 1742 2503">
    <p class='ocr_par' dir='ltr' id='par_1_18' title="bbox 559 2426 1742 2503">
     <span class='ocr_line' id='line_1_37' title="bbox 1067 2426 1496 2460; baseline -0.002 -7"><span class='ocrx_word' id='word_1_340' title='bbox 1067 2427 1131 2454; x_wconf 84' lang='lat' dir='ltr'><strong>Tab.</strong></span> <span class='ocrx_word' id='word_1_341' title='bbox 1151 2430 1244 2454; x_wconf 81' lang='lat' dir='ltr'><strong>nostra</strong></span> <span class='ocrx_word' id='word_1_342' title='bbox 1264 2428 1303 2455; x_wconf 80' lang='lat'>15.</span> <span class='ocrx_word' id='word_1_343' title='bbox 1322 2428 1368 2460; x_wconf 84' lang='lat' dir='ltr'>fig.</span> <span class='ocrx_word' id='word_1_344' title='bbox 1389 2428 1410 2453; x_wconf 93' lang='lat'>1.</span> <span class='ocrx_word' id='word_1_345' title='bbox 1430 2426 1453 2453; x_wconf 91' lang='lat'><strong>2.</strong></span> <span class='ocrx_word' id='word_1_346' title='bbox 1473 2427 1496 2452; x_wconf 86' lang='lat'>3.</span> 
     </span>
     <span class='ocr_line' id='line_1_38' title="bbox 559 2468 1742 2503; baseline 0.001 -9"><span class='ocrx_word' id='word_1_347' title='bbox 559 2469 629 2495; x_wconf 80' lang='lat' dir='ltr'><strong>Zool.</strong></span> <span class='ocrx_word' id='word_1_348' title='bbox 648 2469 678 2495; x_wconf 86' lang='lat' dir='ltr'><strong>of</strong></span> <span class='ocrx_word' id='word_1_349' title='bbox 692 2469 739 2495; x_wconf 78' lang='lat' dir='ltr'><strong>the</strong></span> <span class='ocrx_word' id='word_1_350' title='bbox 759 2469 868 2502; x_wconf 75' lang='lat' dir='ltr'><strong>voyage</strong></span> <span class='ocrx_word' id='word_1_351' title='bbox 887 2469 915 2495; x_wconf 80' lang='lat' dir='ltr'><strong>of</strong></span> <span class='ocrx_word' id='word_1_352' title='bbox 931 2469 964 2495; x_wconf 90' lang='lat' dir='ltr'>H.</span> <span class='ocrx_word' id='word_1_353' title='bbox 984 2470 1019 2496; x_wconf 78' lang='lat' dir='ltr'>M.</span> <span class='ocrx_word' id='word_1_354' title='bbox 1039 2469 1064 2496; x_wconf 88' lang='lat' dir='ltr'>S.</span> <span class='ocrx_word' id='word_1_355' title='bbox 1086 2470 1237 2503; x_wconf 77' lang='lat' dir='ltr'><strong>Samarang</strong></span> <span class='ocrx_word' id='word_1_356' title='bbox 1256 2470 1329 2496; x_wconf 81' lang='lat' dir='ltr'><strong>Moll.</strong></span> <span class='ocrx_word' id='word_1_357' title='bbox 1348 2477 1410 2503; x_wconf 83' lang='lat' dir='ltr'><strong>pag.</strong></span> <span class='ocrx_word' id='word_1_358' title='bbox 1429 2469 1469 2495; x_wconf 89' lang='lat'>78.</span> <span class='ocrx_word' id='word_1_359' title='bbox 1489 2468 1555 2494; x_wconf 86' lang='lat' dir='ltr'><strong>Tab.</strong></span> <span class='ocrx_word' id='word_1_360' title='bbox 1576 2468 1616 2494; x_wconf 88' lang='lat'><strong>22.</strong></span> <span class='ocrx_word' id='word_1_361' title='bbox 1636 2468 1680 2502; x_wconf 84' lang='lat' dir='ltr'>fig.</span> <span class='ocrx_word' id='word_1_362' title='bbox 1702 2468 1742 2495; x_wconf 79' lang='lat'><strong>12.</strong></span> 
     </span>
    </p>
   </div>
   <div class='ocr_carea' id='block_1_15' title="bbox 353 2526 2207 2680">
    <p class='ocr_par' dir='ltr' id='par_1_19' title="bbox 353 2526 2207 2680">
     <span class='ocr_line' id='line_1_39' title="bbox 507 2526 2207 2570; baseline -0.002 -9"><span class='ocrx_word' id='word_1_363' title='bbox 507 2529 602 2561; x_wconf 87' lang='lat' dir='ltr'><strong>Testa</strong></span> <span class='ocrx_word' id='word_1_364' title='bbox 626 2529 845 2565; x_wconf 84' lang='lat' dir='ltr'><strong>crassiuscula,</strong></span> <span class='ocrx_word' id='word_1_365' title='bbox 862 2529 1194 2569; x_wconf 83' lang='lat' dir='ltr'><strong>rotundato-cordata,</strong></span> <span class='ocrx_word' id='word_1_366' title='bbox 1211 2530 1353 2570; x_wconf 84' lang='lat' dir='ltr'><strong>globosa,</strong></span> <span class='ocrx_word' id='word_1_367' title='bbox 1370 2529 1492 2570; x_wconf 88' lang='lat' dir='ltr'><strong>postice</strong></span> <span class='ocrx_word' id='word_1_368' title='bbox 1508 2529 1730 2567; x_wconf 82' lang='lat' dir='ltr'><strong>subtruncata,</strong></span> <span class='ocrx_word' id='word_1_369' title='bbox 1746 2529 1833 2560; x_wconf 81' lang='lat' dir='ltr'><strong>striis</strong></span> <span class='ocrx_word' id='word_1_370' title='bbox 1850 2527 2037 2559; x_wconf 86' lang='lat' dir='ltr'><strong>incrementi</strong></span> <span class='ocrx_word' id='word_1_371' title='bbox 2056 2526 2207 2558; x_wconf 81' lang='lat' dir='ltr'><strong>tenuibus</strong></span> 
     </span>
     <span class='ocr_line' id='line_1_40' title="bbox 358 2581 2206 2624; baseline -0.002 -8"><span class='ocrx_word' id='word_1_372' title='bbox 358 2585 556 2616; x_wconf 83' lang='lat' dir='ltr'><strong>densissimis</strong></span> <span class='ocrx_word' id='word_1_373' title='bbox 580 2584 803 2624; x_wconf 85' lang='lat' dir='ltr'><strong>inaequalibus</strong></span> <span class='ocrx_word' id='word_1_374' title='bbox 827 2584 931 2615; x_wconf 82' lang='lat' dir='ltr'><strong>cincta</strong></span> <span class='ocrx_word' id='word_1_375' title='bbox 954 2584 1150 2624; x_wconf 86' lang='lat' dir='ltr'><strong>costulisque</strong></span> <span class='ocrx_word' id='word_1_376' title='bbox 1171 2585 1419 2616; x_wconf 81' lang='lat' dir='ltr'><strong>obsoletissimis</strong></span> <span class='ocrx_word' id='word_1_377' title='bbox 1442 2584 1588 2624; x_wconf 87' lang='lat' dir='ltr'><strong>plurimis</strong></span> <span class='ocrx_word' id='word_1_378' title='bbox 1620 2582 1778 2624; x_wconf 86' lang='lat' dir='ltr'><strong>(centenis</strong></span> <span class='ocrx_word' id='word_1_379' title='bbox 1801 2585 1833 2615; x_wconf 85' lang='lat' dir='ltr'><strong>et</strong></span> <span class='ocrx_word' id='word_1_380' title='bbox 1857 2581 2031 2622; x_wconf 87' lang='lat' dir='ltr'><strong>nonnullis)</strong></span> <span class='ocrx_word' id='word_1_381' title='bbox 2064 2581 2206 2619; x_wconf 74' lang='lat' dir='ltr'><strong>radiata3</strong></span> 
     </span>
     <span class='ocr_line' id='line_1_41' title="bbox 353 2636 2206 2680; baseline -0.002 -10"><span class='ocrx_word' id='word_1_382' title='bbox 353 2650 426 2670; x_wconf 73' lang='lat' dir='ltr'><strong>area</strong></span> <span class='ocrx_word' id='word_1_383' title='bbox 457 2641 579 2680; x_wconf 79' lang='lat' dir='ltr'><strong>postica</strong></span> <span class='ocrx_word' id='word_1_384' title='bbox 607 2640 673 2671; x_wconf 80' lang='lat' dir='ltr'><strong>lata</strong></span> <span class='ocrx_word' id='word_1_385' title='bbox 701 2638 893 2676; x_wconf 83' lang='lat' dir='ltr'><strong>cordiformi,</strong></span> <span class='ocrx_word' id='word_1_386' title='bbox 924 2639 1021 2671; x_wconf 84' lang='lat' dir='ltr'><strong>costis</strong></span> <span class='ocrx_word' id='word_1_387' title='bbox 1051 2639 1191 2680; x_wconf 86' lang='lat' dir='ltr'><strong>spinosis</strong></span> <span class='ocrx_word' id='word_1_388' title='bbox 1221 2639 1348 2670; x_wconf 80' lang='lat'>24—26</span> <span class='ocrx_word' id='word_1_389' title='bbox 1379 2639 1529 2670; x_wconf 86' lang='lat' dir='ltr'><strong>distincte</strong></span> <span class='ocrx_word' id='word_1_390' title='bbox 1559 2641 1717 2679; x_wconf 82' lang='lat' dir='ltr'><strong>acuteque</strong></span> <span class='ocrx_word' id='word_1_391' title='bbox 1739 2638 1911 2670; x_wconf 82' lang='lat' dir='ltr'><strong>terminata</strong></span> <span class='ocrx_word' id='word_1_392' title='bbox 1934 2637 2090 2677; x_wconf 84' lang='lat' dir='ltr'><strong>insignis;</strong></span> <span class='ocrx_word' id='word_1_393' title='bbox 2119 2636 2206 2668; x_wconf 86' lang='lat' dir='ltr'><strong>color</strong></span> 
     </span>
    </p>
   </div>
  </div>
 </body>
</html>
