2317 3387
1186 329 1402 361 ,40-

996 412 1180 453 Purpura
1212 414 1419 446 alveolata
1448 415 1585 447 Reeve.

568 476 664 503 Conch.
687 477 752 503 icon.
770 477 820 503 vol.
840 478 863 504 3.
883 486 951 511 spec.
972 478 1012 505 60.

516 537 610 569 Plura
634 538 809 578 specimina
833 548 928 579 prope
952 538 1115 579 Nagasaki
1139 540 1275 580 aliisque
1297 541 1456 581 Japoniae
1479 543 1557 574 locis
1583 542 1665 574 lecta
1688 547 1828 575 exstant.

515 592 691 633 Purpnram
716 593 907 634 clavigeram
931 593 1069 631 Kiisteri.
1094 606 1189 635 quam
1214 596 1287 627 clar.
1312 597 1449 628 Lischke
1475 598 1556 638 (Jap.
1578 598 1618 629 M.
1637 598 1756 629 Concli.
1774 599 1836 630 vol.
1856 601 1882 630 1.
1900 611 1971 640 pag.
1989 600 2044 640 54)
2068 601 2226 633 uberrime

360 648 520 686 tractavit7
544 659 600 689 pro
624 649 779 679 varietate
802 652 930 680 tantum
954 650 1117 690 Purpurae
1146 651 1323 683 alveolatae
1353 652 1455 683 liabeo
1479 653 1589 684 multis
1624 654 1860 694 exemplaribus
1896 655 2010 686 iterum
2046 657 2224 697 iterumque

359 703 560 743 comparatis.
606 703 641 734 In
660 704 763 735 indicc
788 715 855 735 mco
878 704 964 736 Mon.
988 705 1058 746 Jap.
1085 717 1158 746 pag.
1182 706 1211 736 ἴ).
1238 707 1320 738 lianc
1343 707 1505 739 cochleam
1529 719 1585 749 pro
1610 709 1754 749 Purpura
1777 710 1940 741 tumulosa
1962 710 2078 742 Reevei
2094 722 2224 742 enume-

359 759 434 790 ravi.
481 759 550 790 Non
576 759 671 799 longe
694 760 808 791 absum
832 761 908 801 quin
933 761 1060 793 credam
1090 761 1172 793 hanc
1200 763 1338 802 speciem
1374 762 1573 794 Reeveanam
1604 764 1649 795 nil
1682 765 1745 795 nisi
1781 765 1968 797 varietatem
1999 766 2149 797 eximiam
2174 778 2222 798 re·

359 818 569 854 praesentare.

838 893 1020 933 Purpura
1051 893 1239 934 Lapillus
1269 894 1352 925 Lin.
1384 893 1635 934 (Buccinum)
1667 906 1743 926 var.

564 959 637 992 Syst.
658 959 722 985 Nat.
743 959 783 986 cd.
806 960 843 986 12.
863 968 924 994 pag.
947 959 1020 986 1202.

513 1020 594 1051 Clar.
620 1020 658 1051 de
682 1020 896 1051 Middendorff
917 1020 1024 1061 (Reise
1048 1021 1080 1051 in
1105 1021 1165 1051 (len
1189 1024 1371 1052 {iussersten
1396 1021 1526 1054 Norden
1542 1023 1608 1054 und
1623 1023 1725 1055 Osten
1742 1022 1902 1054 Sibiriens
1920 1023 1980 1054 vol.
1999 1024 2026 1054 1.
2044 1033 2116 1063 pag.
2135 1023 2220 1063 219.)

355 1075 519 1107 cochleam
549 1078 692 1106 nostram
709 1087 764 1116 pro
788 1076 944 1107 varietate
968 1076 1227 1116 frequentissima
1249 1078 1334 1108 illius
1358 1078 1520 1118 Pur-purae
1544 1078 1727 1115 declaravit,
1749 1088 1833 1118 quae
1854 1077 2049 1118 Deshayesio
2073 1081 2122 1110 est
2144 1078 2223 1110 Pur-

358 1142 437 1171 pura
460 1131 648 1172 Freycineti.
695 1131 812 1170 Negari
835 1132 964 1172 quidem
987 1132 1099 1172 nequit
1129 1134 1231 1164 certas
1254 1132 1471 1174 Pul-purarum
1494 1134 1625 1174 species,
1650 1134 1834 1174 praesertim
1861 1133 2040 1174 Purpuram
2062 1133 2221 1174 Lapillum

354 1186 488 1217 Linnaei
512 1189 578 1217 tam
602 1186 716 1218 habitu
753 1198 847 1227 quam
884 1187 1048 1227 sculptura
1072 1190 1103 1218 et
1127 1187 1230 1218 colore
1263 1189 1436 1219 admodum
1473 1189 1646 1220 variabiles
1671 1200 1749 1227 esse,
1784 1189 1839 1220 sed
1863 1189 2033 1230 descriptio
2058 1192 2089 1221 et
2112 1189 2220 1221 icones

355 1242 517 1282 Purpurae
541 1242 719 1283 Freycineti
743 1253 835 1273 verae
859 1242 993 1283 (Magus.
1018 1243 1056 1273 (le
1079 1243 1166 1274 Zool.
1194 1244 1285 1274 1841.
1311 1244 1508 1285 Mollusques
1532 1244 1610 1275 Tab.
1635 1244 1700 1284 26.)
1725 1247 1892 1285 tantopere
1915 1244 2084 1276 discedunt
2107 1244 2148 1276 ab
2173 1245 2221 1275 in-

355 1297 426 1329 dole
443 1300 570 1329 nostrae
591 1298 747 1331 cochleae.
766 1301 801 1329 ut
818 1298 900 1329 hanc
917 1298 1110 1329 sententiam
1134 1299 1340 1339 comprobare
1363 1310 1427 1330 non
1452 1300 1565 1331 ausim.
1611 1300 1697 1331 Inter
1717 1300 1892 1340 specimina
1917 1301 2045 1331 nostrae
2071 1299 2218 1331 cochleae

355 1353 445 1393 plura
468 1355 598 1384 exstant
621 1365 639 1384 a
663 1353 873 1385 varietatibus
907 1354 1100 1394 quibusdam
1135 1354 1299 1394 Purpurae
1322 1355 1437 1396 Lapilli
1467 1355 1553 1386 haud
1597 1355 1819 1396 disjungenda,
1843 1366 1906 1395 qua
1930 1355 1968 1386 de
1992 1366 2089 1386 causa
2112 1355 2219 1386 omnia

353 1409 393 1440 ad
429 1409 511 1440 lianc
545 1409 682 1449 speciem
716 1409 827 1440 refero.
873 1409 1026 1446 Quamvis
1060 1409 1227 1440 clarissimi
1251 1410 1288 1441 de
1312 1410 1536 1449 Middendorff,
1569 1411 1607 1442 de
1630 1410 1775 1443 Schrenk
1799 1413 1830 1442 et
1853 1410 1990 1441 Lischke
2014 1410 2052 1441 de
2075 1410 2219 1450 Purpura

355 1464 532 1505 Freycineti
556 1465 685 1496 uberius
705 1465 771 1505 jam
794 1465 988 1505 scripserint,
1016 1465 1113 1496 etiam
1141 1476 1226 1496 nunc
1248 1466 1327 1496 mihi
1351 1466 1474 1498 incerta
1491 1469 1540 1498 est
1557 1470 1655 1507 atque
1679 1466 1785 1497 dubia.
1833 1465 1914 1497 Clar.
1933 1466 1968 1496 A.
1987 1465 2104 1497 Adams
2122 1465 2217 1506 (Ann.

354 1519 438 1560 Mag.
463 1520 535 1551 Nat.
561 1521 642 1551 Hist.
668 1520 885 1551 v01.5.1870.
911 1531 982 1561 pag.
1007 1519 1094 1560 423.)
1119 1531 1192 1551 cum
1215 1521 1360 1561 Purpura
1383 1521 1508 1562 Lapillo
1533 1533 1589 1562 pro
1614 1522 1826 1553 varietatibus
1849 1521 2018 1561 conjunxit
2042 1520 2217 1552 Buccillum

354 1574 479 1606 filosuni
497 1575 597 1607 Gmel.
622 1576 716 1616 Purp.
742 1576 952 1613 imbricatam,
977 1576 1166 1613 bizonalem.
1188 1576 1382 1607 fimbriatam
1402 1579 1432 1607 et
1450 1588 1657 1617 squamosam
1681 1577 1872 1614 Lamarckii,
1896 1576 1990 1617 Purp.
2016 1578 2217 1607 attenuatam

354 1630 468 1662 Reevei
492 1649 533 1653 —
557 1631 639 1663 lianc
663 1633 790 1672 quidem
808 1643 880 1662 cum
899 1633 990 1671 signo
1009 1631 1270 1672 interrogationis
1296 1650 1333 1672 -5
1359 1634 1391 1662 et
1407 1631 1577 1671 analogam
1603 1632 1756 1663 Forbesii.
1803 1631 1922 1663 Omnes
1940 1631 2004 1662 fere
2020 1631 2080 1662 hae
2097 1632 2217 1672 species

352 1687 398 1717 sic
421 1687 525 1718 dictae
548 1687 581 1718 in
604 1698 722 1727 magna
745 1688 907 1728 Pru-purae
941 1688 1056 1728 Lapilli
1080 1689 1160 1719 serie
1183 1688 1274 1719 facile
1298 1691 1546 1729 cognoscuntur.
1594 1688 1756 1728 Pul-puras
1778 1698 1851 1718 vero
1876 1687 2054 1727 Freycineti
2078 1689 2111 1718 et
2133 1690 2216 1718 atte-

352 1745 483 1774 nuatam
507 1744 547 1774 ad
571 1742 631 1774 hoc
654 1746 781 1783 tempus
804 1742 1009 1782 sejunxerim.

507 1799 671 1830 Praeterea
697 1798 778 1829 Clar.
806 1798 922 1829 Atlams
940 1797 995 1829 l.1.
1013 1798 1190 1838 Purpuram
1215 1799 1561 1831 decemcostatam
1590 1797 1910 1830 Middendorffii
1934 1800 1965 1828 et
1988 1797 2216 1838 crispatam

351 1852 620 1891 Chemnitzii‚
645 1865 728 1894 quae
752 1854 845 1885 nobis
870 1854 996 1891 desunt,
1022 1864 1078 1894 pro
1102 1853 1240 1885 cochleis
1261 1853 1428 1894 Japonicis
1452 1855 1661 1886 enumeravit.

1007 1939 1198 1980 Purpura
1228 1938 1445 1979 Heyseana
1476 1939 1566 1970 Dkr.

1077 2005 1142 2032 Tab.
1163 2008 1246 2032 nostr.
1269 2006 1306 2032 13.
1327 2006 1371 2039 fig.
1392 2007 1431 2032 10.
1454 2007 1492 2032 11.

507 2065 601 2097 Testa
625 2069 721 2097 ovata
744 2078 860 2104 crassa,
884 2067 1069 2105 flavescens,
1098 2067 1298 2099 anfractibus
1322 2067 1430 2107 quinis
1454 2067 1562 2098 subito
1586 2066 1804 2098 crescentibus
1836 2066 2045 2098 transversim
2081 2065 2214 2097 costatis

350 2124 381 2152 et
406 2121 582 2153 imbricatis
613 2122 762 2162 spiraque
792 2122 879 2152 brevi
903 2122 1075 2161 instructa;
1111 2123 1275 2154 anfractus
1309 2123 1442 2154 ultimus
1470 2123 1625 2154 dilatatus
1650 2123 1748 2154 costis
1770 2122 1790 2153 8
1813 2122 1928 2153 crassis
1961 2120 2213 2161 subaequalibus

350 2176 527 2208 imbricatis
551 2178 690 2216 cinctus3
715 2177 889 2208 interstitia
913 2180 1074 2209 costarum
1098 2179 1232 2210 lamellis
1256 2179 1369 2210 crectis
1394 2179 1593 2210 distantibus
1619 2178 1793 2216 clathrata3
1827 2179 1979 2217 apertura
2001 2179 2098 2208 ovata
2120 2176 2211 2214 alba3

349 2231 474 2263 labrum
498 2233 709 2264 incrassatum
733 2233 1036 2274 nodoso-plicatum.
1064 2251 1102 2255 —
1128 2234 1228 2274 Long.
1253 2234 1304 2272 25,
1330 2234 1383 2266 lat.
1410 2234 1448 2264 17
1473 2234 1552 2265 mill.

506 2288 592 2319 Mare
615 2288 819 2329 Japonicum.

506 2343 642 2375 Cochlea
667 2345 806 2383 genuina
829 2346 861 2375 et
884 2344 1066 2384 singularis,
1097 2345 1200 2376 amico
1225 2343 1368 2376 Gustavo
1394 2346 1496 2386 Heyse
1519 2344 1695 2376 professori
1728 2345 1844 2382 dicata,
1879 2343 1978 2375 costis
2011 2341 2212 2382 regularibus

348 2398 589 2430 subimbricatis
612 2399 859 2440 interstitiisque
883 2399 1008 2431 circiter
1031 2400 1128 2440 duplo
1154 2400 1323 2432 latioribus
1347 2401 1532 2432 cancellatis
1556 2401 1694 2442 insignis
1717 2403 1774 2432 est.

504 2455 590 2486 Haec
613 2457 643 2486 et
668 2466 750 2496 quae
773 2455 935 2486 antecedit
958 2456 1081 2495 species
1104 2455 1144 2486 ad
1168 2466 1270 2496 genus
1291 2455 1536 2497 Polytroparum
1561 2456 1744 2488 Swainsoni
1767 2455 1938 2496 pertinent.

976 2531 1157 2572 Purpura
1185 2535 1340 2563 sertum
1372 2532 1575 2564 Lamarek.

556 2594 643 2620 Anim.
669 2602 730 2620 sans
755 2596 822 2620 vert.
842 2594 892 2620 vol.
915 2595 954 2621 10.
975 2602 1035 2628 pag.
1056 2595 1096 2620 77.
1134 2595 1282 2620 Martini
1310 2595 1407 2622 Conch.
1436 2595 1502 2622 Cab.
1521 2596 1572 2622 vol.
1592 2596 1615 2623 3.
1635 2596 1680 2629 fig.
1703 2596 1775 2622 1115.
1806 2596 1879 2620 1116.
1918 2593 2052 2619 Dolium
2084 2592 2210 2617 sertum

606 2637 833 2664 heder-aecum.
871 2638 1044 2663 Buccinuin
1077 2640 1201 2663 sertum
1233 2638 1325 2671 Brug.
1351 2648 1385 2661 Ξ
1409 2638 1614 2665 Stramonita
1645 2638 1830 2665 hederacea
1861 2637 1992 2663 Schum.
2020 2635 2105 2662 Nouv.
2139 2633 2210 2667 Syst.

607 2688 668 2714 pag.
688 2680 746 2707 227.
784 2681 964 2706 Buccinurn
983 2682 1106 2706 sertum
1129 2681 1233 2706 necve
1253 2681 1350 2707 Com-h.
1370 2682 1439 2707 icon.
1459 2689 1528 2715 spec.
1549 2681 1590 2708 42.

503 2736 669 2777 Specimen
695 2739 800 2769 minus
823 2738 941 2768 lectum
965 2739 1022 2768 est.
