2379 3382
918 252 1130 283 -91-

578 338 818 369 Leiostraca
848 337 1095 377 lentiginosa
1122 336 1157 367 A.
1187 336 1244 368 Ad.
1278 337 1318 367 in
1350 337 1478 369 sched.

258 407 353 438 Testa
377 406 508 447 parvula
531 406 691 443 subulata,
715 405 798 444 alba,
822 405 933 443 nitida,
965 405 1162 436 anfractibus
1184 404 1269 436 senis
1292 404 1340 435 vel
1364 405 1503 445 septenis
1538 406 1746 445 planiusculis
1779 406 1946 442 instructa,

104 463 216 495 ultimo
241 463 470 502 subangulato3
495 464 606 493 sutura
628 461 815 501 conspicua3
839 463 988 501 apertura
1010 463 1114 492 ovata.
1140 478 1178 482 —
1202 459 1265 491 Alt.
1291 460 1352 498 2‚5‚
1375 460 1429 491 lat.
1454 461 1507 491 vix
1534 462 1549 491 1
1573 461 1647 491 mill.

259 518 371 549 Differt
395 529 413 549 a
436 517 618 549 Leiostraca
641 517 768 548 tantilla
794 519 879 548 testa
901 516 1066 556 graciliore
1089 527 1146 547 nec
1169 526 1233 547 non
1257 515 1402 547 anfractu
1427 516 1538 546 ultimo
1562 516 1784 556 subangulato.

618 602 864 646 Leiostraca
894 614 1037 645 vincta
1069 614 1104 644 A.
1136 613 1201 644 Ad.
1233 614 1271 644 in
1302 612 1435 644 sched.

262 684 356 716 Testa
390 684 497 715 tenuis
530 683 680 714 subulata
713 685 851 723 angusta
873 682 985 721 nitida,
1008 682 1082 713 alba
1104 682 1196 713 lineis
1220 681 1343 713 duabus
1366 681 1480 721 pallide
1503 681 1578 712 rufis
1601 681 1717 719 vincta,
1753 681 1950 712 anfractibus

104 741 230 772 octonis
255 741 303 771 vel
328 741 461 772 novenis
484 740 538 770 vix
562 739 712 770 convexis
729 739 901 777 instructa3
926 740 1073 778 apertura
1089 740 1184 768 ovata
1200 737 1304 768 antice
1328 737 1532 768 subdilatata.
1549 755 1589 757 —
1608 737 1668 767 Alt.
1686 737 1747 775 4,.5,
1764 737 1818 768 lat.
1838 738 1853 767 1
1873 736 1949 768 mill.

261 796 373 827 Differt
396 807 413 827 a
436 795 618 827 Leiostraca
640 794 795 826 bilineata
818 794 911 825 Alder
935 792 1085 834 (Eulima)
1109 796 1193 824 testa
1215 793 1315 824 multo
1340 793 1460 824 minore
1483 794 1514 823 et
1537 792 1709 831 graciliore.

867 975 1202 1035 Cerithiopsidea.

628 1086 753 1119 Genus
777 1084 1027 1128 Cerithiopsis
1050 1084 1191 1118 Forbes
1215 1084 1253 1117 et
1275 1083 1434 1126 Hanley.

504 1162 792 1205 Cerithiopsis
823 1164 1141 1196 subreticulata
1171 1163 1260 1194 Dkr.
1294 1159 1559 1203 (Cerithium).

314 1230 386 1257 Moll.
406 1230 465 1264 Jap.
486 1239 546 1264 pag.
567 1232 591 1257 9.
612 1231 675 1258 'l‘ab.
697 1232 719 1257 2.
740 1232 784 1265 fig.
805 1232 844 1258 10.
863 1240 952 1265 magn.
973 1233 1059 1257 aucta.

263 1292 378 1324 Portus
401 1291 594 1323 De-shimae.

265 1347 395 1389 Species
418 1349 528 1379 nostra
551 1347 742 1389 Cerithiopsi
772 1348 966 1380 tuberculari
990 1347 1089 1379 Mont.
1114 1347 1210 1378 maris
1232 1346 1403 1387 germanici
1427 1345 1533 1384 affine,
1557 1347 1681 1376 statura
1703 1345 1804 1376 multo
1828 1344 1957 1376 exiliore

106 1404 242 1444 aliisque
265 1404 351 1435 notis
375 1404 488 1435 differt.

264 1460 344 1491 Clar.
382 1459 499 1490 Adams
523 1460 555 1490 in
581 1459 662 1490 Ann.
694 1460 757 1490 and
788 1459 870 1500 Mag.
895 1462 952 1491 etc.
983 1459 1072 1490 Febr.
1107 1460 1197 1490 1861.
1231 1470 1300 1499 pag.
1336 1459 1397 1489 130
1427 1458 1537 1489 harum
1572 1457 1801 1488 cochleolarum
1836 1457 1956 1497 species

107 1516 282 1557 Japonicas
305 1515 501 1546 enumeravit
526 1518 607 1553 octo,
632 1526 713 1555 quae
737 1518 827 1546 sunt:

738 1596 1028 1637 Cerithiopsis
1058 1607 1173 1627 rosea
1204 1595 1239 1626 A.
1273 1595 1334 1626 Ad.

265 1639 459 1671 Teu—shima.

725 1702 1012 1744 Cerithiopsis
1043 1702 1183 1734 cerina
1212 1701 1248 1732 A.
1280 1701 1344 1733 Ad.

265 1755 448 1787 Teu—shima
470 1757 502 1786 et
524 1754 739 1786 Mino-shima.

706 1818 983 1860 Cerithiopsis
1013 1818 1207 1849 baculum
1239 1817 1274 1848 A.
1305 1817 1367 1848 Ad.

267 1862 488 1894 Mino-shima.

714 1926 993 1968 Cerithiopsis
1024 1927 1194 1959 clavula
1224 1927 1259 1957 A.
1290 1925 1353 1956 Ad.

266 1969 484 2001 Mino-shima.

699 2032 982 2075 Cerithiopsis
1012 2033 1202 2074 paxillus
1232 2033 1267 2064 A.
1303 2033 1369 2064 Ad.

266 2076 396 2108 Fretum
421 2075 607 2108 Coreanum.

696 2139 979 2180 Cerithiopsis
1009 2139 1217 2181 pagodula
1245 2139 1280 2170 A.
1313 2139 1377 2171 Ad.

269 2183 400 2215 Fretum
424 2182 611 2214 Coreanum.

496 2248 778 2288 Cerithiopsis
811 2246 949 2287 (Seila)
981 2247 1255 2278 dextroversa
1287 2245 1348 2277 Ad.
1380 2249 1416 2277 et
1446 2246 1583 2278 Reeve.

322 2307 463 2333 Triforis
489 2307 728 2333 dextroversus
748 2306 811 2340 Voy.
832 2307 902 2332 Sam.
922 2307 993 2333 Zool.
1012 2314 1073 2340 pag.
1092 2306 1133 2332 45.
1155 2305 1219 2332 Tab.
1242 2307 1281 2332 ll.
1301 2306 1345 2339 fig.
1366 2306 1405 2332 31.

270 2360 466 2399 Tsu-shima‚
490 2360 620 2392 Fretum
643 2360 830 2392 Coreanum.

607 2450 893 2492 Cerithiopsis
925 2448 1061 2490 (Seila)
1094 2449 1316 2490 cingulata
1347 2448 1381 2479 A.
1414 2448 1478 2480 Ad.

270 2492 464 2525 Tsu—shima.

270 2548 356 2580 Haec
379 2551 411 2580 et
434 2549 554 2590 species
578 2559 659 2589 quae
684 2548 854 2587 antecedit,
879 2548 1013 2580 fortasse
1036 2550 1113 2579 sunt
1135 2547 1272 2580 Trifores
1296 2548 1533 2580 dextroversae.

272 2604 483 2646 Cerithiopsis
506 2616 525 2636 a
548 2604 659 2642 Bittio,
683 2615 798 2645 genere
821 2604 1011 2643 Leachiano,
1035 2615 1051 2635 e
1074 2604 1143 2635 sola
1164 2606 1318 2635 testarum
1343 2603 1595 2635 consideratione
1612 2603 1665 2634 vix
1682 2603 1882 2641 secernenda,
1904 2603 1967 2635 nisi

115 2659 196 2691 forte
219 2660 343 2692 incolae.
366 2660 541 2701 comparari
565 2662 708 2701 possunt.
1651 2701 1713 2732 12*
