2317 3387
1170 316 1382 347 *64-

360 403 497 435 similem
520 415 603 435 esse:
633 403 688 434 sed
711 402 868 443 posterius
902 412 1002 442 genus
1038 402 1199 442 proprium
1235 401 1444 433 Amaurellam
1480 401 1600 433 dictum
1624 402 1656 432 in
1683 401 1763 433 hane
1797 402 1956 434 cochleam
1991 402 2138 434 fundavit
2159 401 2201 434 ob

360 461 428 501 ejus
445 460 634 491 affinitatem
653 458 820 490 arctiorem
843 469 914 488 cum
938 457 1076 488 Amaura
1098 457 1228 489 Molleri.
1275 457 1383 489 Genus
1406 457 1608 489 Macrocheili
1625 457 1731 489 fossile
1753 469 1770 488 e
1786 458 1895 489 stratis
1911 461 2036 489 tantum
2053 458 2202 499 antiquis

361 515 560 548 transitionis
583 514 703 546 scilicet
727 516 758 545 et
782 513 986 544 carbonariae
1011 515 1131 544 notum.
1156 513 1188 543 in
1212 513 1457 545 formationibus
1480 517 1581 545 terrae
1605 513 1832 544 recentioribus
1859 514 1944 554 quod
1965 515 2063 546 sciam
2087 513 2201 545 nullibi

363 573 525 603 inventum
551 573 607 601 est.
632 570 676 601 ita
701 572 736 600 ut
760 581 799 600 ex
823 569 1046 609 antiquissimo
1070 572 1209 609 tempore
1230 568 1294 608 jam
1318 569 1513 600 exstinctum
1536 580 1603 600 esse
1627 569 1779 600 videatur.

515 626 645 658 Generis
671 624 867 656 Amaurellae
890 635 973 655 nunc
996 627 1060 655 tres
1086 627 1179 655 notae
1202 627 1277 655 sunt
1301 626 1421 665 speeies
1443 625 1625 665 Japonicae.

966 701 1203 731 Amaurella
1234 701 1435 742 Japonica
1466 701 1501 732 A.
1534 702 1596 733 Ad.

515 762 643 794 Fretum
667 761 852 793 Coreanum.

976 828 1206 859 Amaurella
1236 828 1427 868 glabrata
1459 829 1492 859 A.
1526 829 1587 860 Ad.

515 890 773 922 Takano-shima.
797 892 827 921 et

946 956 1177 988 Amaurella
1205 957 1460 989 semistriata
1488 958 1523 988 A.
1556 958 1619 989 Ad.

566 1019 618 1045 Cfr.
638 1018 712 1044 Proc.
732 1017 801 1044 Zool.
822 1018 878 1043 Suc.
900 1016 973 1043 1867.
994 1023 1055 1049 pag.
1075 1015 1131 1041 311.

515 1071 767 1103 Oki-no-shima.

1182 1208 1386 1255 Cassidea.

1084 1308 1208 1343 Genus
1231 1309 1359 1344 Cassis
1383 1308 1482 1344 Lam.

938 1385 1072 1418 Cassis
1102 1392 1271 1420 cornuta
1299 1388 1382 1419 Lin.
1416 1385 1672 1427 (Buccinum).

566 1457 637 1489 Syst.
657 1454 721 1480 Nat.
741 1453 781 1480 ed.
803 1454 843 1479 10.
864 1454 930 1480 Mus.
950 1453 1015 1480 Lud.
1036 1454 1090 1480 Ur.
1112 1463 1172 1488 pag.
1192 1455 1249 1482 602.
1286 1456 1358 1489 syst.
1377 1458 1432 1482 nat.
1451 1454 1491 1480 ed.
1514 1455 1551 1480 12.
1570 1462 1630 1488 pag.
1654 1453 1726 1479 1198.
1766 1453 1923 1487 Rumphii
1942 1453 2007 1479 Mus.
2028 1452 2092 1479 Tab.
2105 1452 2146 1480 23.
2158 1453 2203 1487 fig.

618 1499 648 1524 A.
685 1498 799 1523 Cassis
818 1497 948 1523 labiata
967 1497 1096 1523 chemn.
1117 1498 1214 1524 Couch.
1234 1498 1297 1525 Cab.
1318 1498 1369 1525 vol.
1390 1499 1429 1524 11.
1448 1506 1509 1532 pag.
1530 1498 1568 1523 71.
1588 1498 1632 1530 fig.
1654 1496 1726 1523 1790.

514 1560 686 1600 Nagasaki.
733 1558 869 1590 Lischke
892 1558 962 1598 Jap.
987 1558 1029 1589 M.
1055 1558 1174 1590 Conch.
1198 1560 1258 1591 vol.
1285 1561 1312 1590 1.
1337 1570 1408 1600 pag.
1433 1559 1483 1590 62.

516 1616 682 1657 Specimen
704 1615 810 1646 minus
834 1617 949 1646 exstat.

964 1700 1100 1731 Cassis
1130 1699 1218 1731 rufa
1248 1699 1331 1731 Lin.
1364 1699 1609 1738 (Buccinum).

567 1771 638 1803 Syst.
658 1769 721 1795 Nat.
741 1768 781 1794 ed.
803 1769 841 1793 1¹).
862 1775 922 1801 pag.
942 1768 999 1793 736.
1037 1766 1200 1801 Rumphii
1226 1767 1292 1793 Mus.
1312 1766 1377 1793 Tab.
1396 1768 1436 1793 23.
1456 1768 1501 1800 tig.
1522 1767 1550 1793 Β.
1588 1766 1706 1792 Cassis
1734 1765 1836 1792 rubra
1857 1765 1901 1799 fig.
1921 1766 1948 1792 C.
1986 1766 2103 1792 Cassis
2132 1773 2206 1800 pen-

620 1816 699 1839 nata
719 1823 752 1835 :
771 1812 947 1837 [succinum
967 1814 1153 1844 pennatum
1173 1810 1273 1837 Gniel.
1294 1811 1364 1844 Syst.
1385 1810 1449 1836 Nat.
1468 1809 1507 1836 ed.
1530 1810 1567 1835 13.
1587 1817 1648 1843 pag.
1668 1809 1742 1835 347⁶.

517 1875 550 1905 In
575 1875 665 1906 litore
687 1873 836 1904 Africano
859 1872 1014 1904 orientali.
1039 1873 1071 1903 in
1095 1872 1259 1904 Molluccis
1276 1876 1306 1903 et
1324 1871 1514 1912 Philippinis
1538 1870 1650 1902 insulis
1672 1869 1805 1910 aliisque
1827 1869 2011 1910 regionibus
2034 1869 2118 1900 haud
2134 1880 2204 1901 raro

363 1931 494 1964 obvenit
515 1930 736 1971 magnitudine
765 1929 978 1969 maximopere
1001 1928 1155 1959 variabili.
1202 1927 1340 1959 Exstant
1362 1928 1395 1959 in
1418 1927 1604 1959 collectione
1627 1929 1737 1957 nostra
1763 1925 1955 1966 exemplaria
1978 1925 2070 1966 plane
2095 1925 2205 1956 adulta

363 1988 493 2020 Casside
514 1986 662 2018 testiculo
685 1986 753 2016 Lin.
778 1997 887 2026 parum
912 1985 1039 2025 majora.
1064 1995 1102 2015 ex
1125 1984 1224 2015 altera
1247 1987 1335 2024 parte
1358 1983 1532 2024 specimina
1553 1982 1705 2023 gigantea
1728 1981 1895 2012 140—175
1918 1981 1995 2012 mill.
2018 1981 2122 2022 longa.

517 2042 622 2074 Cassis
646 2045 786 2082 pennata
810 2040 959 2081 Rumphii
983 2040 1171 2079 (Buccillum
1195 2044 1368 2081 pennatum
1393 2039 1542 2078 Gmelini)
1567 2042 1616 2069 ost
1637 2042 1720 2069 testa
1746 2042 1872 2069 nostrae
1895 2037 2009 2078 speciei
2028 2037 2164 2077 juvenis.

518 2099 682 2139 Specimen
706 2097 810 2128 minus
833 2096 1024 2136 Japonicum
1048 2098 1164 2127 exstat.

1072 2182 1213 2213 Cassis
1244 2181 1326 2222 pila
1357 2181 1490 2212 Reeve.

569 2250 664 2277 Conch.
684 2251 749 2276 icon.
769 2250 818 2276 vol.
839 2251 861 2276 5.
882 2249 945 2275 Tab.
965 2252 988 2275 ¹20.
1008 2258 1076 2283 spec.
1096 2250 1135 2276 21.
1173 2249 1302 2275 Chcmn.
1323 2248 1420 2274 Conch.
1440 2247 1505 2274 Cab.
1527 2246 1567 2273 ed.
1587 2247 1635 2273 alt.
1655 2245 1719 2272 Tab.
1737 2247 1776 2272 51.
1796 2247 1841 2280 fig.
1861 2247 1882 2272 7.
1902 2246 1925 2272 8.

519 2312 603 2343 Haec
626 2312 746 2352 species
768 2311 863 2342 maris
887 2310 1056 2342 Chinensis
1072 2316 1103 2342 et
1119 2311 1266 2351 Japonici
1289 2311 1368 2341 satis
1391 2310 1541 2350 frequens
1563 2309 1689 2349 saepius
1713 2319 1784 2339 cum
1808 2307 1939 2340 Casside
1961 2309 2100 2341 saburon
2116 2309 2202 2340 Lam.

364 2368 538 2401 commixta
561 2370 608 2399 est
664 2367 872 2398 Conferantur
895 2378 976 2407 quae
999 2366 1135 2397 Lischke
1158 2367 1190 2397 in
1214 2367 1300 2398 Moll.
1323 2366 1394 2407 Jap.
1420 2367 1480 2398 vol.
1509 2368 1535 2398 1.
1561 2378 1630 2407 pag.
1654 2367 1706 2398 63.
1730 2366 1768 2397 de
1791 2368 1924 2406 utraque
1949 2365 2078 2397 cochlea
2102 2365 2203 2397 fusius

363 2425 430 2464 jam
452 2424 610 2455 disseruit.

1016 2490 1152 2522 Cassis
1183 2491 1380 2532 Japonica
1411 2492 1550 2523 Reeve.

570 2558 666 2586 conch.
686 2559 751 2585 icon.
772 2558 821 2584 vol.
841 2560 864 2584 5.
884 2557 948 2584 Tab.
967 2558 991 2584 9.
1011 2566 1078 2592 spec.
1099 2558 1138 2584 23.

520 2621 614 2652 Plura
637 2620 810 2661 specimina
834 2619 1054 2660 magnitudine
1077 2623 1107 2651 et
1131 2621 1256 2661 pictura
1278 2621 1383 2652 vivida
1406 2621 1544 2661 insignia
1567 2621 1640 2652 clar.
1663 2620 1691 2651 J.
1716 2620 1795 2651 Rein
1822 2620 1907 2660 legit.

521 2676 709 2717 Plerumque
732 2675 890 2706 varicibus
914 2675 1070 2706 instructa
1093 2680 1151 2708 est.
1168 2677 1298 2717 quaein
1316 2676 1447 2708 Casside
1469 2677 1533 2718 pila
1557 2677 1657 2708 rarius
1680 2676 1830 2708 obvenire
1852 2676 2008 2712 videntur.
2026 2675 2081 2707 sed
2097 2674 2206 2706 multis

368 2732 596 2772 speciminibus
621 2733 788 2773 diligenter
810 2731 934 2762 collatis
956 2741 1141 2771 persuasum
1165 2732 1243 2763 mihi
1267 2735 1314 2764 est
1337 2732 1420 2764 hanc
1442 2733 1578 2774 speciem
1602 2732 1642 2763 ab
1665 2731 1872 2764 antecedente
1895 2731 1989 2763 certis
2011 2730 2129 2762 finibus
2150 2730 2207 2761 vix
