2379 3382
215 365 282 396 Hoc
305 375 405 404 genus
440 364 669 395 Adamsianum
694 363 726 394 in
751 363 987 394 Pleurotomam
1013 362 1154 393 Guaraui
1179 362 1355 403 d'Orbigny
1381 364 1467 403 (Voy.
1494 364 1573 394 dans
1598 364 1723 395 1·Am‹'·r.
1750 366 1822 395 mer.
1849 376 1919 404 pag.

59 422 132 452 445.
158 420 234 451 Tab.
260 420 310 450 77.
335 420 390 460 fig.
416 419 464 450 13.
491 418 554 459 14.)
579 419 722 458 aliasque
747 418 864 449 formas
889 418 1008 448 similes
1033 418 1065 448 in
1091 417 1209 448 Conch.
1235 418 1315 449 icon.
1341 418 1417 449 Tab.
1436 419 1486 450 39.
1512 420 1654 459 depictas
1676 420 1845 452 fundatum
1863 424 1919 452 est.

61 476 174 508 Testae
198 476 260 507 huc
285 475 482 515 pertinentes
516 474 668 515 parvulae
693 473 784 504 valde
808 473 985 513 singulares
1009 484 1028 503 a
1051 472 1125 503 clar.
1150 473 1325 513 d'Orbigny
1350 474 1380 504 in
1407 475 1563 514 profundo
1588 477 1682 506 maris
1706 476 1815 507 Indiae
1839 476 1921 506 occi—

63 531 200 562 dentalis
223 534 338 571 captae.
361 533 446 561 sunt.
492 529 656 569 Mangiliis
680 531 837 567 cognatae
861 539 930 559 esse
955 529 1112 559 videntur.

851 690 1124 734 Tritoniaoea.

215 798 251 828 In
276 797 484 837 disponendis
507 797 779 828 Tritoniaceorum
803 797 1002 838 aliorumque
1026 798 1253 829 Molluscorum
1278 797 1370 827 testis
1400 797 1498 828 multa
1538 799 1665 829 nomina
1699 799 1854 833 obsoleta.
1887 810 1925 830 ex

61 856 150 894 parte
181 853 322 887 ridenda,
357 853 423 893 jam
457 853 511 884 diu
547 852 702 883 oblivioni
737 853 857 884 tradita
886 872 917 875 —
946 865 994 885 ex.
1020 865 1064 893 gr.
1090 854 1153 891 illa,
1178 864 1259 892 quae
1283 852 1427 883 Kleinius
1460 853 1490 883 in
1524 852 1712 884 Tentamine.
1743 866 1801 885 suo
1831 855 1925 885 variis

61 909 198 940 cochleis
223 909 375 948 imposuit
403 926 439 930 -—
466 908 641 939 recentiore
663 910 806 949 tempore
829 921 847 939 a
871 909 1081 949 scriptoribus
1105 909 1267 940 nonnullis
1291 920 1307 938 e
1330 908 1471 938 tenebris
1495 912 1656 948 protracta
1686 912 1771 947 sunt,
1796 910 1926 941 minim(-

61 965 188 1005 quidem
213 964 245 994 in
269 975 362 995 usum
389 963 577 1004 disciplinae
601 966 739 994 nostrae.
786 963 924 995 Nomina
948 965 1011 995 ista
1034 964 1221 1004 plerumque
1258 963 1376 994 nullius
1411 966 1486 994 sunt
1524 965 1675 995 momenti
1710 965 1749 995 ad
1784 966 1925 996 studium

61 1019 378 1060 conchyliologicum,
403 1030 474 1050 cum
498 1019 576 1050 haec
599 1030 715 1059 genera
738 1020 784 1050 sic
807 1020 894 1050 dicta
916 1020 1044 1060 saepius
1068 1020 1133 1051 sint
1156 1019 1308 1059 ambigua
1333 1019 1380 1049 vel
1407 1020 1549 1058 perraria
1573 1031 1689 1059 genera
1713 1032 1776 1051 uno
1801 1021 1928 1052 eodem-

61 1086 123 1115 que
138 1075 265 1106 nomine
283 1075 430 1114 generico
449 1075 621 1114 conjuncta
636 1075 843 1115 reperiantur.
879 1074 1072 1115 Saepissime
1089 1086 1217 1115 quoque
1234 1079 1344 1106 contra
1370 1075 1496 1115 regulas
1513 1076 1771 1107 nomenclaturae
1792 1076 1927 1108 formata

61 1133 147 1167 sunt.
184 1142 223 1162 ne
260 1131 363 1162 dicam
399 1130 437 1162 de
473 1130 582 1161 multis
616 1130 802 1161 nominibus
837 1130 967 1171 ineptis,
1003 1131 1121 1171 quibus
1142 1131 1194 1171 jus
1218 1131 1394 1171 prioritatis
1419 1131 1573 1162 vindicari
1601 1132 1721 1172 nequit.
1770 1132 1858 1163 Hanc
1883 1133 1923 1163 ob

61 1197 190 1218 causam
214 1186 415 1217 Tritoniacea
439 1197 534 1217 sensu
558 1186 790 1217 Lamarckiano
814 1185 936 1226 sumpsi
960 1186 1109 1217 Ranellas
1133 1186 1321 1226 adjungens.

217 1242 376 1273 Numerus
400 1241 576 1282 specierum
601 1252 683 1282 quae
707 1241 758 1272 hic
782 1244 971 1282 sequuntur.
996 1241 1081 1273 haud
1105 1241 1241 1282 exiguus
1265 1252 1281 1272 e
1304 1240 1384 1272 Mari
1409 1241 1566 1282 Japonico
1591 1242 1684 1273 hodie
1708 1242 1860 1273 innotuit.

728 1378 853 1411 Genus
877 1377 1088 1411 Tritoniunl
1113 1376 1213 1412 Link
1226 1377 1264 1417 *).

625 1462 859 1493 Tritonium
895 1463 1124 1493 nodiferum
1160 1463 1262 1494 Lam.
1300 1475 1376 1493 var.

218 1531 265 1561 Ad
291 1531 372 1561 lianc
396 1531 533 1570 speciem
562 1530 747 1561 variabilem
772 1531 900 1570 lateque
926 1530 1110 1570 dispersam,
1136 1532 1191 1562 sed
1216 1532 1350 1571 pristino
1382 1534 1524 1571 tempore
1549 1543 1564 1562 e
1588 1531 1667 1562 mari
1698 1530 1929 1562 Mediterraneo

65 1588 193 1617 tantum
218 1589 338 1623 notam7
363 1586 431 1617 sine
456 1585 553 1616 dubio
578 1585 686 1616 Triton
713 1585 839 1616 Sauliae
864 1586 979 1617 Reevei
1002 1587 1149 1626 pertinet.
1197 1586 1364 1627 Specimen
1389 1587 1494 1618 minus
1515 1599 1533 1617 a
1557 1586 1631 1617 clar.
1655 1586 1684 1617 J.
1701 1586 1791 1617 Rein.
1817 1587 1933 1617 lectum

62 1644 170 1673 exstat
194 1642 299 1673 vivide
324 1641 519 1682 picturatum
545 1652 617 1672 cum
642 1642 732 1672 icone
756 1641 923 1672 Reeveana
947 1652 1029 1682 spec.
1058 1642 1095 1672 17
1120 1643 1251 1673 omnino
1275 1644 1479 1673 conveniens.

219 1697 301 1728 Clar.
325 1696 462 1728 Lischke
487 1696 585 1737 (Moll.
610 1697 681 1737 Jap.
706 1697 765 1728 vol.
794 1698 820 1728 1.
845 1708 916 1737 pag.
940 1697 981 1728 45
1006 1700 1036 1728 et
1061 1698 1121 1728 vol.
1146 1698 1165 1728 2
1202 1709 1272 1738 pag.
1297 1698 1347 1728 33.
1380 1698 1458 1729 Tab.
1486 1699 1510 1728 1.
1537 1700 1567 1729 et
1592 1697 1634 1737 2)
1660 1697 1698 1728 de
1721 1697 1780 1728 hac
1804 1697 1932 1728 cochlea

64 1752 220 1784 uberrime
240 1753 306 1793 jam
331 1753 490 1784 disseruit.

221 1809 406 1840 Novissimo
430 1811 575 1848 tempore
599 1808 672 1839 clar.
697 1808 732 1839 E.
757 1808 867 1840 Satow
901 1809 1077 1850 specimina
1107 1809 1199 1849 plura
1229 1809 1441 1849 pulcherrima
1470 1809 1663 1849 epidermide
1694 1808 1934 1840 membranacea

63 1866 205 1897 obducta
229 1875 299 1895 cum
324 1864 483 1904 operculis
506 1863 604 1895 misit.
644 1863 770 1895 Minora
793 1875 832 1895 ex
849 1868 939 1905 parte
956 1865 1048 1896 valde
1064 1867 1141 1896 sunt
1157 1865 1344 1905 ponderosa.
1386 1865 1468 1895 Pulli
1486 1865 1567 1896 rosei
1586 1865 1633 1895 vel
1651 1864 1786 1902 carnosi,
1803 1865 1936 1896 costulis

64 1920 255 1952 transversis
280 1919 490 1960 subgranosis
514 1920 641 1960 sculpti.
683 1919 772 1960 Apex
795 1920 994 1952 anfractibus
1018 1923 1147 1952 constat.
1163 1920 1248 1951 4—5
1266 1920 1525 1960 embryonalibus
1543 1920 1732 1951 laevissimis
1755 1931 1792 1951 ac
1810 1920 1930 1951 nitidis.

64 1977 149 2018 spira
174 1975 315 2016 regulari
339 1975 541 2007 acutiuscula
564 1975 766 2006 terminatus.
812 1976 847 2007 In
872 1976 1101 2016 speciminibus
1123 1976 1242 2007 adultis
1259 1987 1340 2016 apex
1358 1988 1480 2017 semper
1496 1979 1543 2007 est
1560 1979 1729 2007 truncatus
1747 1976 1795 2007 vel
1813 1987 1930 2007 ero-sus.

503 2098 743 2130 Tritonium
779 2099 967 2131 Tritonis
1002 2100 1194 2140 Rumphii
1232 2100 1482 2140 (Buccinum).

274 2166 454 2192 Buccillum
481 2165 637 2191 Tritonis
667 2165 826 2199 Rumphii
846 2166 912 2192 Mus.
933 2166 998 2193 Tab.
1018 2167 1057 2192 28.
1078 2166 1124 2200 fig.
1145 2167 1174 2193 B.
1195 2167 1263 2200 (icon
1284 2167 1460 2200 sinistrorsa).
1498 2167 1554 2193 Lin.
1576 2168 1647 2200 Syst.
1668 2167 1731 2193 Nat.
1757 2167 1798 2193 ed.
1819 2168 1856 2194 12.
1877 2176 1937 2202 pag.

327 2209 399 2235 1222.
446 2208 544 2239 „Testa
572 2209 724 2234 ventricosa
762 2208 878 2242 oblonga
907 2209 986 2241 laevi,
1014 2209 1181 2236 anfractibus
1211 2210 1381 2242 rotundatis,
1399 2212 1538 2243 ‘apertura
1570 2209 1694 2242 dentata,
1723 2210 1808 2236 cauda
1839 2210 1937 2237 brevw

326 2252 508 2286 Lampusia
545 2251 704 2277 Tritonis
741 2251 867 2278 Schuin.
917 2252 1001 2278 Nouv.
1030 2255 1095 2286 syst.
1127 2261 1190 2287 pag.
1217 2254 1275 2280 250.
1314 2253 1436 2279 Triton
1474 2253 1695 2286 variegatuni
1732 2253 1826 2279 Lam.
1856 2254 1935 2279 anim.

323 2302 386 2320 sans
404 2297 472 2320 vert.
492 2294 543 2320 vol.
562 2294 585 2320 9.
606 2302 667 2328 pag.
687 2294 745 2320 623.

224 2355 384 2386 Linnaeus
409 2355 478 2386 sine
502 2355 600 2386 dubio
624 2354 708 2386 hanc
731 2355 892 2387 cochleam
928 2367 1000 2387 cum
1024 2355 1168 2387 Tritonio
1206 2356 1549 2396 magnoAutiHmum
1578 2359 1609 2387 et
1634 2367 1705 2387 cum
1729 2355 1764 2387 T.
1789 2356 1936 2388 nodifero

67 2411 246 2442 Lamarckii
285 2411 496 2442 commutavit
530 2413 567 2441 ut
591 2422 630 2441 ex
654 2410 704 2441 his
728 2410 834 2442 verbis
857 2410 977 2442 elucet:
1012 2411 1146 2442 Habitat
1170 2412 1202 2442 in
1224 2411 1446 2451 Archipelago,
1484 2412 1640 2442 America.
1686 2412 1722 2442 In
1752 2412 1882 2443 Oriente
1906 2415 1937 2444 et

67 2465 174 2497 Africa
206 2466 303 2497 etiam
337 2466 431 2497 hodie
467 2476 522 2506 pro
558 2476 657 2496 cornu
690 2465 822 2497 militari
845 2477 864 2497 a
888 2466 1072 2506 pastoribus
1106 2469 1277 2507 usurpatur
1320 2467 1549 2498 vehementiori
1582 2478 1670 2505 sono,
1707 2478 1803 2507 quain
1837 2468 1934 2499 tubae

68 2522 252 2552 stentoreae
276 2521 418 2562 vulgaris
441 2523 499 2552 aut
522 2531 621 2552 cornu
646 2522 741 2562 capri.
788 2521 931 2553 Buccina
957 2522 1023 2562 jam
1046 2522 1168 2563 priscos
1201 2522 1335 2562 cogebat
1371 2523 1410 2553 ad
1445 2534 1532 2553 arma
1567 2523 1715 2560 Quirites.
1762 2523 1886 2554 Pariter
1909 2526 1940 2554 et

66 2687 91 2712 A
139 2687 154 2713 h
224 2647 249 2680 *)
269 2647 419 2673 Tritoniuxn
441 2647 509 2672 Link
530 2647 595 2673 1807
615 2657 648 2669 Ξ
667 2646 762 2673 Triton
782 2648 912 2674 Montfort
936 2649 1009 2674 1810.
1032 2649 1126 2674 Triton
1147 2649 1204 2675 Lin.
1227 2650 1300 2675 1767.
1331 2649 1420 2675 Genus
1441 2649 1617 2683 Cirripeduin.
1638 2649 1733 2675 'l'riton
1754 2649 1830 2675 Laur.
1852 2651 1941 2675 Genus

94 2696 137 2721 nip
157 2688 282 2715 ibiorum.

1631 2726 1682 2757 4*
