<?xml version="1.0" encoding="UTF-8"?>
<!DOCTYPE html PUBLIC "-//W3C//DTD XHTML 1.0 Transitional//EN"
    "http://www.w3.org/TR/xhtml1/DTD/xhtml1-transitional.dtd">
<html xmlns="http://www.w3.org/1999/xhtml" xml:lang="en" lang="en">
 <head>
  <title>
</title>
<meta http-equiv="Content-Type" content="text/html;charset=utf-8" />
  <meta name='ocr-system' content='tesseract 3.04.00' />
  <meta name='ocr-capabilities' content='ocr_page ocr_carea ocr_par ocr_line ocrx_word'/>
</head>
<body>
  <div class='ocr_page' id='page_1' title='image "./indexmolluscorum00dunk_0263.png"; bbox 0 0 2379 3382; ppageno 0'>
   <div class='ocr_carea' id='block_1_1' title="bbox 953 231 1187 261">
    <p class='ocr_par' dir='ltr' id='par_1_1' title="bbox 953 231 1187 261">
     <span class='ocr_line' id='line_1_1' title="bbox 953 231 1187 261; baseline -0.004 0"><span class='ocrx_word' id='word_1_1' title='bbox 953 249 992 252; x_wconf 83' lang='lat'>--</span> <span class='ocrx_word' id='word_1_2' title='bbox 1039 231 1101 261; x_wconf 69' lang='lat'>245)</span> <span class='ocrx_word' id='word_1_3' title='bbox 1145 249 1187 253; x_wconf 80' lang='lat'><em>-</em></span> 
     </span>
    </p>
   </div>
   <div class='ocr_carea' id='block_1_2' title="bbox 135 315 1991 413">
    <p class='ocr_par' dir='ltr' id='par_1_2' title="bbox 135 315 1991 413">
     <span class='ocr_line' id='line_1_2' title="bbox 296 315 1991 360; baseline 0.002 -12"><span class='ocrx_word' id='word_1_4' title='bbox 296 316 333 348; x_wconf 88' lang='lat' dir='ltr'>H.</span> <span class='ocrx_word' id='word_1_5' title='bbox 359 318 389 346; x_wconf 84' lang='lat' dir='ltr'>et</span> <span class='ocrx_word' id='word_1_6' title='bbox 415 316 450 346; x_wconf 88' lang='lat' dir='ltr'>A.</span> <span class='ocrx_word' id='word_1_7' title='bbox 476 315 594 347; x_wconf 85' lang='lat' dir='ltr'>Adams</span> <span class='ocrx_word' id='word_1_8' title='bbox 620 316 778 348; x_wconf 87' lang='lat' dir='ltr'>Placunas</span> <span class='ocrx_word' id='word_1_9' title='bbox 802 318 834 346; x_wconf 78' lang='lat' dir='ltr'>et</span> <span class='ocrx_word' id='word_1_10' title='bbox 864 316 1033 347; x_wconf 82' lang='lat' dir='ltr'>Placentas</span> <span class='ocrx_word' id='word_1_11' title='bbox 1065 326 1120 355; x_wconf 79' lang='lat' dir='ltr'>pro</span> <span class='ocrx_word' id='word_1_12' title='bbox 1150 317 1319 356; x_wconf 78' lang='lat' dir='ltr'>generibus</span> <span class='ocrx_word' id='word_1_13' title='bbox 1353 318 1485 357; x_wconf 76' lang='lat' dir='ltr'>propriis</span> <span class='ocrx_word' id='word_1_14' title='bbox 1517 319 1707 350; x_wconf 72' lang='lat' dir='ltr'>habueruut.</span> <span class='ocrx_word' id='word_1_15' title='bbox 1737 330 1832 359; x_wconf 83' lang='lat' dir='ltr'>quam</span> <span class='ocrx_word' id='word_1_16' title='bbox 1866 320 1991 360; x_wconf 78' lang='lat' dir='ltr'>quidem</span> 
     </span>
     <span class='ocr_line' id='line_1_3' title="bbox 135 370 1623 413; baseline 0.001 -11"><span class='ocrx_word' id='word_1_17' title='bbox 135 371 383 411; x_wconf 85' lang='lat' dir='ltr'>disjunctionem</span> <span class='ocrx_word' id='word_1_18' title='bbox 407 371 612 412; x_wconf 83' lang='lat' dir='ltr'>comprobare</span> <span class='ocrx_word' id='word_1_19' title='bbox 636 382 699 402; x_wconf 87' lang='lat' dir='ltr'>non</span> <span class='ocrx_word' id='word_1_20' title='bbox 725 382 864 412; x_wconf 81' lang='lat' dir='ltr'>possum.</span> <span class='ocrx_word' id='word_1_21' title='bbox 912 370 973 401; x_wconf 80' lang='lat' dir='ltr'>Cfr.</span> <span class='ocrx_word' id='word_1_22' title='bbox 997 370 1107 402; x_wconf 83' lang='lat' dir='ltr'>Journ.</span> <span class='ocrx_word' id='word_1_23' title='bbox 1133 370 1172 401; x_wconf 90' lang='lat' dir='ltr'>de</span> <span class='ocrx_word' id='word_1_24' title='bbox 1197 371 1313 402; x_wconf 77' lang='lat' dir='ltr'>Concli.</span> <span class='ocrx_word' id='word_1_25' title='bbox 1342 374 1432 403; x_wconf 66' lang='lat'>1879.</span> <span class='ocrx_word' id='word_1_26' title='bbox 1457 384 1527 413; x_wconf 78' lang='lat' dir='ltr'>pag.</span> <span class='ocrx_word' id='word_1_27' title='bbox 1553 375 1623 405; x_wconf 73' lang='lat'>215.</span> 
     </span>
    </p>
   </div>
   <div class='ocr_carea' id='block_1_3' title="bbox 952 501 1179 546">
    <p class='ocr_par' dir='ltr' id='par_1_3' title="bbox 952 501 1179 546">
     <span class='ocr_line' id='line_1_4' title="bbox 952 501 1179 546; baseline 0 0"><span class='ocrx_word' id='word_1_28' title='bbox 952 501 1179 546; x_wconf 83' lang='lat' dir='ltr'>Ostreacea.</span> 
     </span>
    </p>
   </div>
   <div class='ocr_carea' id='block_1_4' title="bbox 875 608 1261 643">
    <p class='ocr_par' dir='ltr' id='par_1_4' title="bbox 875 608 1261 643">
     <span class='ocr_line' id='line_1_5' title="bbox 875 608 1261 643; baseline 0 -2"><span class='ocrx_word' id='word_1_29' title='bbox 875 608 1000 642; x_wconf 75' lang='lat' dir='ltr'>Genus</span> <span class='ocrx_word' id='word_1_30' title='bbox 1024 608 1157 643; x_wconf 84' lang='lat' dir='ltr'>Ostrea</span> <span class='ocrx_word' id='word_1_31' title='bbox 1183 609 1261 642; x_wconf 88' lang='lat' dir='ltr'>Lin.</span> 
     </span>
    </p>
   </div>
   <div class='ocr_carea' id='block_1_5' title="bbox 785 685 1343 727">
    <p class='ocr_par' dir='ltr' id='par_1_5' title="bbox 785 685 1343 727">
     <span class='ocr_line' id='line_1_6' title="bbox 785 685 1343 727; baseline 0.002 -12"><span class='ocrx_word' id='word_1_32' title='bbox 785 685 934 717; x_wconf 90' lang='lat' dir='ltr'>Ostrea</span> <span class='ocrx_word' id='word_1_33' title='bbox 962 687 1079 727; x_wconf 83' lang='lat' dir='ltr'>gigas</span> <span class='ocrx_word' id='word_1_34' title='bbox 1111 686 1343 724; x_wconf 66' lang='lat' dir='ltr'>Thunberg.</span> 
     </span>
    </p>
   </div>
   <div class='ocr_carea' id='block_1_6' title="bbox 134 752 1997 1126">
    <p class='ocr_par' dir='ltr' id='par_1_6' title="bbox 136 752 1996 850">
     <span class='ocr_line' id='line_1_7' title="bbox 292 752 1996 793; baseline 0.001 -9"><span class='ocrx_word' id='word_1_35' title='bbox 292 752 475 793; x_wconf 82' lang='lat' dir='ltr'>Specimina</span> <span class='ocrx_word' id='word_1_36' title='bbox 503 753 630 793; x_wconf 83' lang='lat' dir='ltr'>juniora</span> <span class='ocrx_word' id='word_1_37' title='bbox 659 753 760 784; x_wconf 85' lang='lat' dir='ltr'>forma</span> <span class='ocrx_word' id='word_1_38' title='bbox 791 754 958 792; x_wconf 78' lang='lat' dir='ltr'>variantia,</span> <span class='ocrx_word' id='word_1_39' title='bbox 993 755 1048 785; x_wconf 81' lang='lat' dir='ltr'>sed</span> <span class='ocrx_word' id='word_1_40' title='bbox 1073 754 1220 785; x_wconf 81' lang='lat' dir='ltr'>universe</span> <span class='ocrx_word' id='word_1_41' title='bbox 1249 753 1389 792; x_wconf 75' lang='lat' dir='ltr'>oblonga</span> <span class='ocrx_word' id='word_1_42' title='bbox 1419 755 1549 784; x_wconf 79' lang='lat' dir='ltr'>exstant</span> <span class='ocrx_word' id='word_1_43' title='bbox 1578 754 1710 784; x_wconf 82' lang='lat' dir='ltr'>lamellis</span> <span class='ocrx_word' id='word_1_44' title='bbox 1739 754 1853 785; x_wconf 76' lang='lat' dir='ltr'>crassis</span> <span class='ocrx_word' id='word_1_45' title='bbox 1882 755 1996 785; x_wconf 71' lang='lat' dir='ltr'>erectis</span> 
     </span>
     <span class='ocr_line' id='line_1_8' title="bbox 136 808 1530 850; baseline -0.001 -10"><span class='ocrx_word' id='word_1_46' title='bbox 136 809 302 840; x_wconf 75' lang='lat' dir='ltr'>instructa.</span> <span class='ocrx_word' id='word_1_47' title='bbox 352 808 452 840; x_wconf 83' lang='lat' dir='ltr'>Valva</span> <span class='ocrx_word' id='word_1_48' title='bbox 474 808 604 840; x_wconf 88' lang='lat' dir='ltr'>inferior</span> <span class='ocrx_word' id='word_1_49' title='bbox 627 809 830 840; x_wconf 84' lang='lat' dir='ltr'>subrostrata</span> <span class='ocrx_word' id='word_1_50' title='bbox 854 820 1003 847; x_wconf 80' lang='lat' dir='ltr'>concava.</span> <span class='ocrx_word' id='word_1_51' title='bbox 1028 810 1170 850; x_wconf 77' lang='lat' dir='ltr'>superior</span> <span class='ocrx_word' id='word_1_52' title='bbox 1195 809 1319 850; x_wconf 79' lang='lat' dir='ltr'>planior</span> <span class='ocrx_word' id='word_1_53' title='bbox 1342 811 1373 838; x_wconf 70' lang='lat' dir='ltr'>ct</span> <span class='ocrx_word' id='word_1_54' title='bbox 1397 808 1530 839; x_wconf 74' lang='lat' dir='ltr'>brevior.</span> 
     </span>
    </p>

    <p class='ocr_par' dir='ltr' id='par_1_7' title="bbox 135 863 1997 960">
     <span class='ocr_line' id='line_1_9' title="bbox 292 863 1997 904; baseline -0.001 -9"><span class='ocrx_word' id='word_1_55' title='bbox 292 864 424 895; x_wconf 83' lang='lat' dir='ltr'>Ostreae</span> <span class='ocrx_word' id='word_1_56' title='bbox 448 864 635 904; x_wconf 84' lang='lat' dir='ltr'>Laperousii</span> <span class='ocrx_word' id='word_1_57' title='bbox 666 863 830 895; x_wconf 87' lang='lat' dir='ltr'>Schrenck</span> <span class='ocrx_word' id='word_1_58' title='bbox 854 866 886 895; x_wconf 87' lang='lat' dir='ltr'>et</span> <span class='ocrx_word' id='word_1_59' title='bbox 909 864 1205 895; x_wconf 82' lang='lat' dir='ltr'>Talienwhanensis</span> <span class='ocrx_word' id='word_1_60' title='bbox 1238 863 1351 894; x_wconf 82' lang='lat' dir='ltr'>Crosse</span> <span class='ocrx_word' id='word_1_61' title='bbox 1380 866 1463 894; x_wconf 81' lang='lat' dir='ltr'>certe</span> <span class='ocrx_word' id='word_1_62' title='bbox 1487 863 1528 894; x_wconf 83' lang='lat' dir='ltr'>ad</span> <span class='ocrx_word' id='word_1_63' title='bbox 1552 863 1634 895; x_wconf 82' lang='lat' dir='ltr'>lianc</span> <span class='ocrx_word' id='word_1_64' title='bbox 1658 864 1794 904; x_wconf 79' lang='lat' dir='ltr'>speciem</span> <span class='ocrx_word' id='word_1_65' title='bbox 1826 863 1997 903; x_wconf 76' lang='lat' dir='ltr'>pertinent,</span> 
     </span>
     <span class='ocr_line' id='line_1_10' title="bbox 135 918 1672 960; baseline -0.001 -10"><span class='ocrx_word' id='word_1_66' title='bbox 135 920 220 960; x_wconf 84' lang='lat' dir='ltr'>quod</span> <span class='ocrx_word' id='word_1_67' title='bbox 243 920 309 959; x_wconf 84' lang='lat' dir='ltr'>jam</span> <span class='ocrx_word' id='word_1_68' title='bbox 334 919 443 950; x_wconf 80' lang='lat' dir='ltr'>docuit</span> <span class='ocrx_word' id='word_1_69' title='bbox 466 919 539 950; x_wconf 87' lang='lat' dir='ltr'>clar.</span> <span class='ocrx_word' id='word_1_70' title='bbox 564 919 702 950; x_wconf 82' lang='lat' dir='ltr'>Lischke</span> <span class='ocrx_word' id='word_1_71' title='bbox 724 919 794 959; x_wconf 84' lang='lat' dir='ltr'>Jap.</span> <span class='ocrx_word' id='word_1_72' title='bbox 820 919 862 950; x_wconf 94' lang='lat' dir='ltr'>M.</span> <span class='ocrx_word' id='word_1_73' title='bbox 888 919 1007 950; x_wconf 77' lang='lat' dir='ltr'>Concli.</span> <span class='ocrx_word' id='word_1_74' title='bbox 1032 920 1092 950; x_wconf 84' lang='lat' dir='ltr'>vol.</span> <span class='ocrx_word' id='word_1_75' title='bbox 1118 921 1145 950; x_wconf 84' lang='lat'>1.</span> <span class='ocrx_word' id='word_1_76' title='bbox 1170 930 1242 960; x_wconf 79' lang='lat' dir='ltr'>pag.</span> <span class='ocrx_word' id='word_1_77' title='bbox 1270 919 1339 949; x_wconf 70' lang='lat'>174.</span> <span class='ocrx_word' id='word_1_78' title='bbox 1365 918 1425 949; x_wconf 86' lang='lat' dir='ltr'>vol.</span> <span class='ocrx_word' id='word_1_79' title='bbox 1450 919 1478 949; x_wconf 81' lang='lat'>3.</span> <span class='ocrx_word' id='word_1_80' title='bbox 1504 929 1574 958; x_wconf 82' lang='lat' dir='ltr'>pag.</span> <span class='ocrx_word' id='word_1_81' title='bbox 1604 919 1672 949; x_wconf 77' lang='grc'>114.</span> 
     </span>
    </p>

    <p class='ocr_par' dir='ltr' id='par_1_8' title="bbox 134 973 1997 1126">
     <span class='ocr_line' id='line_1_11' title="bbox 291 973 1995 1015; baseline -0.001 -10"><span class='ocrx_word' id='word_1_82' title='bbox 291 975 480 1006; x_wconf 81' lang='lat' dir='ltr'>Ostrearum</span> <span class='ocrx_word' id='word_1_83' title='bbox 505 976 607 1006; x_wconf 80' lang='lat' dir='ltr'>testae</span> <span class='ocrx_word' id='word_1_84' title='bbox 637 975 792 1015; x_wconf 79' lang='lat' dir='ltr'>triplicem</span> <span class='ocrx_word' id='word_1_85' title='bbox 825 975 992 1006; x_wconf 82' lang='lat' dir='ltr'>ostendere</span> <span class='ocrx_word' id='word_1_86' title='bbox 1023 976 1127 1006; x_wconf 76' lang='lat' dir='ltr'>solent.</span> <span class='ocrx_word' id='word_1_87' title='bbox 1159 976 1364 1011; x_wconf 78' lang='lat' dir='ltr'>structuram.</span> <span class='ocrx_word' id='word_1_88' title='bbox 1398 973 1593 1004; x_wconf 78' lang='lat' dir='ltr'>lamellosam</span> <span class='ocrx_word' id='word_1_89' title='bbox 1623 984 1733 1014; x_wconf 85' lang='lat' dir='ltr'>parum</span> <span class='ocrx_word' id='word_1_90' title='bbox 1766 974 1995 1009; x_wconf 70' lang='lat' dir='ltr'>iridescenteni,</span> 
     </span>
     <span class='ocr_line' id='line_1_12' title="bbox 134 1029 1997 1070; baseline -0.001 -10"><span class='ocrx_word' id='word_1_91' title='bbox 134 1030 283 1061; x_wconf 85' lang='lat' dir='ltr'>fibratam</span> <span class='ocrx_word' id='word_1_92' title='bbox 308 1030 474 1070; x_wconf 70' lang='lat' dir='ltr'>splendore</span> <span class='ocrx_word' id='word_1_93' title='bbox 498 1030 616 1061; x_wconf 76' lang='lat' dir='ltr'>sericeo</span> <span class='ocrx_word' id='word_1_94' title='bbox 648 1030 806 1070; x_wconf 73' lang='lat' dir='ltr'>insignem</span> <span class='ocrx_word' id='word_1_95' title='bbox 838 1033 869 1061; x_wconf 83' lang='lat' dir='ltr'>et</span> <span class='ocrx_word' id='word_1_96' title='bbox 900 1032 1075 1062; x_wconf 84' lang='lat' dir='ltr'>cretaceam</span> <span class='ocrx_word' id='word_1_97' title='bbox 1107 1041 1250 1070; x_wconf 80' lang='lat' dir='ltr'>opacam.</span> <span class='ocrx_word' id='word_1_98' title='bbox 1283 1040 1364 1069; x_wconf 80' lang='lat' dir='ltr'>quae</span> <span class='ocrx_word' id='word_1_99' title='bbox 1395 1029 1511 1069; x_wconf 75' lang='lat' dir='ltr'>triplex</span> <span class='ocrx_word' id='word_1_100' title='bbox 1543 1031 1703 1060; x_wconf 72' lang='lat' dir='ltr'>structura</span> <span class='ocrx_word' id='word_1_101' title='bbox 1735 1029 1766 1060; x_wconf 87' lang='lat' dir='ltr'>in</span> <span class='ocrx_word' id='word_1_102' title='bbox 1799 1029 1858 1059; x_wconf 84' lang='lat' dir='ltr'>hac</span> <span class='ocrx_word' id='word_1_103' title='bbox 1888 1032 1997 1059; x_wconf 77' lang='lat' dir='ltr'>nostra</span> 
     </span>
     <span class='ocr_line' id='line_1_13' title="bbox 134 1085 670 1126; baseline -0.004 -8"><span class='ocrx_word' id='word_1_104' title='bbox 134 1086 240 1126; x_wconf 85' lang='lat' dir='ltr'>specie</span> <span class='ocrx_word' id='word_1_105' title='bbox 263 1086 344 1116; x_wconf 87' lang='lat' dir='ltr'>bene</span> <span class='ocrx_word' id='word_1_106' title='bbox 368 1085 531 1116; x_wconf 87' lang='lat' dir='ltr'>observari</span> <span class='ocrx_word' id='word_1_107' title='bbox 554 1088 670 1126; x_wconf 78' lang='lat' dir='ltr'>potest.</span> 
     </span>
    </p>
   </div>
   <div class='ocr_carea' id='block_1_7' title="bbox 679 1182 1460 1213">
    <p class='ocr_par' dir='ltr' id='par_1_9' title="bbox 679 1182 1460 1213">
     <span class='ocr_line' id='line_1_14' title="bbox 679 1182 1460 1213; baseline -0.001 0"><span class='ocrx_word' id='word_1_108' title='bbox 679 1182 828 1213; x_wconf 83' lang='lat' dir='ltr'>Ostrea</span> <span class='ocrx_word' id='word_1_109' title='bbox 859 1182 985 1213; x_wconf 76' lang='lat' dir='ltr'>dense</span> <span class='ocrx_word' id='word_1_110' title='bbox 1016 1182 1241 1213; x_wconf 83' lang='lat' dir='ltr'>lamellosa</span> <span class='ocrx_word' id='word_1_111' title='bbox 1271 1182 1460 1213; x_wconf 85' lang='lat' dir='ltr'>Lischke.</span> 
     </span>
    </p>
   </div>
   <div class='ocr_carea' id='block_1_8' title="bbox 136 1254 2003 1669">
    <p class='ocr_par' dir='ltr' id='par_1_10' title="bbox 345 1254 1998 1334">
     <span class='ocr_line' id='line_1_15' title="bbox 345 1254 1998 1291; baseline -0.002 -8"><span class='ocrx_word' id='word_1_112' title='bbox 345 1256 443 1283; x_wconf 83' lang='lat' dir='ltr'>Malak.</span> <span class='ocrx_word' id='word_1_113' title='bbox 465 1257 505 1283; x_wconf 74' lang='lat'>131.</span> <span class='ocrx_word' id='word_1_114' title='bbox 526 1257 576 1283; x_wconf 88' lang='lat' dir='ltr'>vol.</span> <span class='ocrx_word' id='word_1_115' title='bbox 599 1258 636 1283; x_wconf 83' lang='lat'>16.</span> <span class='ocrx_word' id='word_1_116' title='bbox 657 1265 720 1291; x_wconf 87' lang='lat' dir='ltr'>pag.</span> <span class='ocrx_word' id='word_1_117' title='bbox 742 1257 798 1283; x_wconf 81' lang='lat'>109.</span> <span class='ocrx_word' id='word_1_118' title='bbox 835 1257 894 1291; x_wconf 85' lang='lat' dir='ltr'>Jap.</span> <span class='ocrx_word' id='word_1_119' title='bbox 916 1258 949 1283; x_wconf 82' lang='lat' dir='ltr'>M.</span> <span class='ocrx_word' id='word_1_120' title='bbox 970 1257 1066 1284; x_wconf 73' lang='lat' dir='ltr'>Concli.</span> <span class='ocrx_word' id='word_1_121' title='bbox 1088 1257 1138 1283; x_wconf 86' lang='lat' dir='ltr'>vol.</span> <span class='ocrx_word' id='word_1_122' title='bbox 1160 1258 1183 1283; x_wconf 92' lang='lat'>1.</span> <span class='ocrx_word' id='word_1_123' title='bbox 1202 1265 1265 1291; x_wconf 84' lang='lat' dir='ltr'>pag.</span> <span class='ocrx_word' id='word_1_124' title='bbox 1288 1258 1344 1283; x_wconf 80' lang='lat'>177.</span> <span class='ocrx_word' id='word_1_125' title='bbox 1365 1257 1429 1283; x_wconf 81' lang='lat' dir='ltr'>Tab.</span> <span class='ocrx_word' id='word_1_126' title='bbox 1453 1257 1491 1283; x_wconf 82' lang='lat'>13.</span> <span class='ocrx_word' id='word_1_127' title='bbox 1510 1257 1556 1290; x_wconf 75' lang='lat' dir='ltr'>fig.</span> <span class='ocrx_word' id='word_1_128' title='bbox 1577 1265 1598 1282; x_wconf 84' lang='lat' dir='ltr'>a.</span> <span class='ocrx_word' id='word_1_129' title='bbox 1620 1256 1643 1282; x_wconf 83' lang='lat' dir='ltr'>b.</span> <span class='ocrx_word' id='word_1_130' title='bbox 1671 1256 1735 1282; x_wconf 87' lang='lat' dir='ltr'>Tab.</span> <span class='ocrx_word' id='word_1_131' title='bbox 1758 1255 1795 1282; x_wconf 79' lang='grc'>14.</span> <span class='ocrx_word' id='word_1_132' title='bbox 1821 1255 1865 1288; x_wconf 83' lang='lat' dir='ltr'>fig.</span> <span class='ocrx_word' id='word_1_133' title='bbox 1888 1256 1908 1281; x_wconf 70' lang='lat' dir='ltr'>l.</span> <span class='ocrx_word' id='word_1_134' title='bbox 1947 1254 1998 1281; x_wconf 73' lang='lat' dir='ltr'>Cfr.</span> 
     </span>
     <span class='ocr_line' id='line_1_16' title="bbox 398 1299 1450 1334; baseline -0.001 -9"><span class='ocrx_word' id='word_1_135' title='bbox 398 1299 525 1326; x_wconf 79' lang='lat' dir='ltr'>Ostrea</span> <span class='ocrx_word' id='word_1_136' title='bbox 544 1299 750 1325; x_wconf 71' lang='lat' dir='ltr'>auriculata</span> <span class='ocrx_word' id='word_1_137' title='bbox 770 1300 853 1326; x_wconf 79' lang='lat' dir='ltr'>Sow.</span> <span class='ocrx_word' id='word_1_138' title='bbox 873 1301 982 1325; x_wconf 79' lang='lat' dir='ltr'>Reeve</span> <span class='ocrx_word' id='word_1_139' title='bbox 1002 1300 1099 1326; x_wconf 77' lang='lat' dir='ltr'>Conch.</span> <span class='ocrx_word' id='word_1_140' title='bbox 1118 1301 1185 1326; x_wconf 84' lang='lat' dir='ltr'>icon.</span> <span class='ocrx_word' id='word_1_141' title='bbox 1206 1300 1304 1325; x_wconf 79' lang='lat' dir='ltr'>Ostrea</span> <span class='ocrx_word' id='word_1_142' title='bbox 1322 1307 1390 1334; x_wconf 83' lang='lat' dir='ltr'>spec.</span> <span class='ocrx_word' id='word_1_143' title='bbox 1410 1299 1450 1325; x_wconf 76' lang='lat'>60.</span> 
     </span>
    </p>

    <p class='ocr_par' dir='ltr' id='par_1_11' title="bbox 136 1357 2003 1669">
     <span class='ocr_line' id='line_1_17' title="bbox 293 1357 2002 1401; baseline -0.002 -10"><span class='ocrx_word' id='word_1_144' title='bbox 293 1360 476 1401; x_wconf 81' lang='lat' dir='ltr'>Specimina</span> <span class='ocrx_word' id='word_1_145' title='bbox 515 1361 677 1401; x_wconf 84' lang='lat' dir='ltr'>complura</span> <span class='ocrx_word' id='word_1_146' title='bbox 722 1361 841 1392; x_wconf 85' lang='lat' dir='ltr'>adsunt</span> <span class='ocrx_word' id='word_1_147' title='bbox 880 1361 1009 1401; x_wconf 82' lang='lat' dir='ltr'>juniora</span> <span class='ocrx_word' id='word_1_148' title='bbox 1043 1363 1075 1391; x_wconf 85' lang='lat' dir='ltr'>et</span> <span class='ocrx_word' id='word_1_149' title='bbox 1109 1361 1220 1392; x_wconf 86' lang='lat' dir='ltr'>adulta</span> <span class='ocrx_word' id='word_1_150' title='bbox 1267 1360 1353 1392; x_wconf 75' lang='lat' dir='ltr'>notis</span> <span class='ocrx_word' id='word_1_151' title='bbox 1388 1360 1566 1401; x_wconf 78' lang='lat' dir='ltr'>praecipuis</span> <span class='ocrx_word' id='word_1_152' title='bbox 1611 1359 1828 1399; x_wconf 76' lang='lat' dir='ltr'>congruentia.</span> <span class='ocrx_word' id='word_1_153' title='bbox 1886 1357 2002 1388; x_wconf 87' lang='lat' dir='ltr'>Omnia</span> 
     </span>
     <span class='ocr_line' id='line_1_18' title="bbox 137 1413 2003 1456; baseline -0.002 -9"><span class='ocrx_word' id='word_1_154' title='bbox 137 1416 281 1447; x_wconf 80' lang='lat' dir='ltr'>auricula</span> <span class='ocrx_word' id='word_1_155' title='bbox 317 1416 349 1446; x_wconf 85' lang='lat' dir='ltr'>in</span> <span class='ocrx_word' id='word_1_156' title='bbox 382 1416 479 1446; x_wconf 79' lang='lat' dir='ltr'>latere</span> <span class='ocrx_word' id='word_1_157' title='bbox 511 1416 621 1446; x_wconf 78' lang='lat' dir='ltr'>valvae</span> <span class='ocrx_word' id='word_1_158' title='bbox 656 1415 814 1446; x_wconf 72' lang='lat' dir='ltr'>inferioris·</span> <span class='ocrx_word' id='word_1_159' title='bbox 855 1416 985 1447; x_wconf 77' lang='lat' dir='ltr'>sinistro</span> <span class='ocrx_word' id='word_1_160' title='bbox 1015 1416 1086 1456; x_wconf 86' lang='lat' dir='ltr'>plus</span> <span class='ocrx_word' id='word_1_161' title='bbox 1117 1417 1263 1447; x_wconf 80' lang='lat' dir='ltr'>minusve</span> <span class='ocrx_word' id='word_1_162' title='bbox 1303 1417 1438 1447; x_wconf 77' lang='lat' dir='ltr'>extensa</span> <span class='ocrx_word' id='word_1_163' title='bbox 1469 1416 1627 1446; x_wconf 78' lang='lat' dir='ltr'>instructa</span> <span class='ocrx_word' id='word_1_164' title='bbox 1660 1416 1743 1445; x_wconf 79' lang='lat' dir='ltr'>sunt.</span> <span class='ocrx_word' id='word_1_165' title='bbox 1791 1414 1942 1451; x_wconf 80' lang='lat' dir='ltr'>Quamvis</span> <span class='ocrx_word' id='word_1_166' title='bbox 1971 1413 2003 1443; x_wconf 84' lang='lat' dir='ltr'>in</span> 
     </span>
     <span class='ocr_line' id='line_1_19' title="bbox 137 1468 2002 1511; baseline -0.002 -9"><span class='ocrx_word' id='word_1_167' title='bbox 137 1471 261 1502; x_wconf 78' lang='lat' dir='ltr'>Ostreis</span> <span class='ocrx_word' id='word_1_168' title='bbox 297 1470 380 1502; x_wconf 83' lang='lat' dir='ltr'>haud</span> <span class='ocrx_word' id='word_1_169' title='bbox 409 1482 479 1502; x_wconf 85' lang='lat' dir='ltr'>raro</span> <span class='ocrx_word' id='word_1_170' title='bbox 504 1471 685 1502; x_wconf 69' lang='lat' dir='ltr'>irweniatur</span> <span class='ocrx_word' id='word_1_171' title='bbox 708 1482 817 1511; x_wconf 78' lang='lat' dir='ltr'>margo</span> <span class='ocrx_word' id='word_1_172' title='bbox 842 1471 981 1502; x_wconf 78' lang='lat' dir='ltr'>cardinis</span> <span class='ocrx_word' id='word_1_173' title='bbox 1005 1472 1073 1502; x_wconf 85' lang='lat' dir='ltr'>alae</span> <span class='ocrx_word' id='word_1_174' title='bbox 1107 1472 1210 1502; x_wconf 82' lang='lat' dir='ltr'>instar</span> <span class='ocrx_word' id='word_1_175' title='bbox 1234 1474 1397 1508; x_wconf 71' lang='lat' dir='ltr'>extensus,</span> <span class='ocrx_word' id='word_1_176' title='bbox 1423 1473 1531 1502; x_wconf 81' lang='lat' dir='ltr'>tamen</span> <span class='ocrx_word' id='word_1_177' title='bbox 1566 1470 1709 1501; x_wconf 83' lang='lat' dir='ltr'>auricula</span> <span class='ocrx_word' id='word_1_178' title='bbox 1733 1470 1786 1500; x_wconf 84' lang='lat' dir='ltr'>illa</span> <span class='ocrx_word' id='word_1_179' title='bbox 1810 1469 1859 1500; x_wconf 87' lang='lat' dir='ltr'>vel</span> <span class='ocrx_word' id='word_1_180' title='bbox 1890 1468 1940 1499; x_wconf 84' lang='lat' dir='ltr'>ala</span> <span class='ocrx_word' id='word_1_181' title='bbox 1970 1468 2002 1498; x_wconf 89' lang='lat' dir='ltr'>in</span> 
     </span>
     <span class='ocr_line' id='line_1_20' title="bbox 136 1524 2003 1567; baseline -0.002 -10"><span class='ocrx_word' id='word_1_182' title='bbox 136 1529 247 1558; x_wconf 75' lang='lat' dir='ltr'>nostra.</span> <span class='ocrx_word' id='word_1_183' title='bbox 278 1527 382 1566; x_wconf 78' lang='lat' dir='ltr'>specie</span> <span class='ocrx_word' id='word_1_184' title='bbox 414 1526 454 1557; x_wconf 90' lang='lat' dir='ltr'>ad</span> <span class='ocrx_word' id='word_1_185' title='bbox 481 1528 575 1557; x_wconf 78' lang='lat' dir='ltr'>notas</span> <span class='ocrx_word' id='word_1_186' title='bbox 600 1526 791 1567; x_wconf 72' lang='lat' dir='ltr'>principales</span> <span class='ocrx_word' id='word_1_187' title='bbox 820 1526 977 1566; x_wconf 81' lang='lat' dir='ltr'>pertinere</span> <span class='ocrx_word' id='word_1_188' title='bbox 1002 1527 1134 1558; x_wconf 67' lang='lat' dir='ltr'>videtur.</span> <span class='ocrx_word' id='word_1_189' title='bbox 1181 1527 1335 1557; x_wconf 86' lang='lat' dir='ltr'>Varietati</span> <span class='ocrx_word' id='word_1_190' title='bbox 1367 1537 1502 1566; x_wconf 86' lang='lat' dir='ltr'>magnae</span> <span class='ocrx_word' id='word_1_191' title='bbox 1533 1526 1664 1557; x_wconf 80' lang='lat' dir='ltr'>Ostreae</span> <span class='ocrx_word' id='word_1_192' title='bbox 1693 1524 1794 1556; x_wconf 81' lang='lat' dir='ltr'>edulis</span> <span class='ocrx_word' id='word_1_193' title='bbox 1818 1524 1898 1561; x_wconf 73' lang='lat' dir='ltr'>Lin..</span> <span class='ocrx_word' id='word_1_194' title='bbox 1922 1534 2003 1564; x_wconf 84' lang='lat' dir='ltr'>quae</span> 
     </span>
     <span class='ocr_line' id='line_1_21' title="bbox 136 1578 2000 1623; baseline -0.002 -10"><span class='ocrx_word' id='word_1_195' title='bbox 136 1582 326 1613; x_wconf 76' lang='lat' dir='ltr'>Lamarckio</span> <span class='ocrx_word' id='word_1_196' title='bbox 357 1585 423 1613; x_wconf 85' lang='lat' dir='ltr'>erat</span> <span class='ocrx_word' id='word_1_197' title='bbox 447 1582 483 1613; x_wconf 90' lang='lat' dir='ltr'>O.</span> <span class='ocrx_word' id='word_1_198' title='bbox 509 1582 667 1623; x_wconf 72' lang='lat' dir='ltr'>hippopus</span> <span class='ocrx_word' id='word_1_199' title='bbox 704 1582 849 1622; x_wconf 82' lang='lat' dir='ltr'>proxima</span> <span class='ocrx_word' id='word_1_200' title='bbox 879 1585 909 1614; x_wconf 87' lang='lat' dir='ltr'>et</span> <span class='ocrx_word' id='word_1_201' title='bbox 945 1582 1030 1614; x_wconf 78' lang='lat' dir='ltr'>notis</span> <span class='ocrx_word' id='word_1_202' title='bbox 1062 1582 1255 1623; x_wconf 85' lang='lat' dir='ltr'>quibusdam</span> <span class='ocrx_word' id='word_1_203' title='bbox 1286 1582 1424 1622; x_wconf 81' lang='lat' dir='ltr'>analoga</span> <span class='ocrx_word' id='word_1_204' title='bbox 1455 1585 1511 1613; x_wconf 77' lang='lat' dir='ltr'>est.</span> <span class='ocrx_word' id='word_1_205' title='bbox 1566 1581 1658 1622; x_wconf 85' lang='lat' dir='ltr'>Apud</span> <span class='ocrx_word' id='word_1_206' title='bbox 1685 1581 1827 1621; x_wconf 88' lang='lat' dir='ltr'>Japanos</span> <span class='ocrx_word' id='word_1_207' title='bbox 1858 1578 2000 1619; x_wconf 57' lang='lat' dir='ltr'>„Ahabi‘2</span> 
     </span>
     <span class='ocr_line' id='line_1_22' title="bbox 136 1637 329 1669; baseline -0.01 0"><span class='ocrx_word' id='word_1_208' title='bbox 136 1637 329 1669; x_wconf 84' lang='lat' dir='ltr'>nominatur.</span> 
     </span>
    </p>
   </div>
   <div class='ocr_carea' id='block_1_9' title="bbox 845 1721 1290 1754">
    <p class='ocr_par' dir='ltr' id='par_1_12' title="bbox 845 1721 1290 1754">
     <span class='ocr_line' id='line_1_23' title="bbox 845 1721 1290 1754; baseline 0 -1"><span class='ocrx_word' id='word_1_209' title='bbox 845 1721 997 1754; x_wconf 78' lang='lat' dir='ltr'>Ostrea</span> <span class='ocrx_word' id='word_1_210' title='bbox 1028 1721 1177 1753; x_wconf 83' lang='lat' dir='ltr'>folium</span> <span class='ocrx_word' id='word_1_211' title='bbox 1207 1722 1290 1753; x_wconf 86' lang='lat' dir='ltr'>Lin.</span> 
     </span>
    </p>
   </div>
   <div class='ocr_carea' id='block_1_10' title="bbox 350 1795 2005 1952">
    <p class='ocr_par' dir='ltr' id='par_1_13' title="bbox 350 1795 2005 1952">
     <span class='ocr_line' id='line_1_24' title="bbox 350 1795 2003 1831; baseline -0.001 -8"><span class='ocrx_word' id='word_1_212' title='bbox 350 1799 420 1831; x_wconf 66' lang='lat' dir='ltr'>Syst.</span> <span class='ocrx_word' id='word_1_213' title='bbox 435 1797 498 1823; x_wconf 80' lang='lat' dir='ltr'>Nat.</span> <span class='ocrx_word' id='word_1_214' title='bbox 510 1797 550 1823; x_wconf 75' lang='lat' dir='ltr'>ed.</span> <span class='ocrx_word' id='word_1_215' title='bbox 566 1798 602 1823; x_wconf 86' lang='lat'>10.</span> <span class='ocrx_word' id='word_1_216' title='bbox 614 1805 676 1830; x_wconf 82' lang='lat' dir='ltr'>pag.</span> <span class='ocrx_word' id='word_1_217' title='bbox 691 1797 747 1823; x_wconf 73' lang='lat'>699.</span> <span class='ocrx_word' id='word_1_218' title='bbox 769 1796 809 1822; x_wconf 79' lang='lat' dir='ltr'>ed.</span> <span class='ocrx_word' id='word_1_219' title='bbox 827 1797 864 1824; x_wconf 80' lang='lat'>12.</span> <span class='ocrx_word' id='word_1_220' title='bbox 879 1805 940 1831; x_wconf 85' lang='lat' dir='ltr'>pag.</span> <span class='ocrx_word' id='word_1_221' title='bbox 955 1798 1028 1824; x_wconf 80' lang='lat'>1148.</span> <span class='ocrx_word' id='word_1_222' title='bbox 1067 1798 1133 1824; x_wconf 83' lang='lat' dir='ltr'>Mus.</span> <span class='ocrx_word' id='word_1_223' title='bbox 1153 1798 1219 1831; x_wconf 82' lang='lat' dir='ltr'>Reg.</span> <span class='ocrx_word' id='word_1_224' title='bbox 1240 1797 1305 1824; x_wconf 85' lang='lat' dir='ltr'>Lud.</span> <span class='ocrx_word' id='word_1_225' title='bbox 1322 1798 1376 1824; x_wconf 76' lang='lat' dir='ltr'>L&#39;lr.</span> <span class='ocrx_word' id='word_1_226' title='bbox 1396 1805 1457 1831; x_wconf 84' lang='lat' dir='ltr'>pag.</span> <span class='ocrx_word' id='word_1_227' title='bbox 1471 1798 1529 1823; x_wconf 71' lang='lat'>5:34.</span> <span class='ocrx_word' id='word_1_228' title='bbox 1567 1797 1589 1822; x_wconf 43' lang='lat' dir='ltr'>R.</span> <span class='ocrx_word' id='word_1_229' title='bbox 1598 1805 1613 1822; x_wconf 87' lang='lat' dir='ltr'>u</span> <span class='ocrx_word' id='word_1_230' title='bbox 1624 1805 1670 1830; x_wconf 85' lang='lat' dir='ltr'>mp</span> <span class='ocrx_word' id='word_1_231' title='bbox 1680 1796 1731 1822; x_wconf 91' lang='lat' dir='ltr'>hii</span> <span class='ocrx_word' id='word_1_232' title='bbox 1750 1796 1816 1821; x_wconf 82' lang='lat' dir='ltr'>Mus.</span> <span class='ocrx_word' id='word_1_233' title='bbox 1836 1795 1900 1821; x_wconf 75' lang='lat' dir='ltr'>Tab.</span> <span class='ocrx_word' id='word_1_234' title='bbox 1920 1795 1960 1821; x_wconf 80' lang='lat'>47.</span> <span class='ocrx_word' id='word_1_235' title='bbox 1974 1795 2003 1821; x_wconf 65' lang='lat' dir='ltr'>A.</span> 
     </span>
     <span class='ocr_line' id='line_1_25' title="bbox 398 1837 2005 1875; baseline -0.002 -9"><span class='ocrx_word' id='word_1_236' title='bbox 398 1841 530 1867; x_wconf 81' lang='lat' dir='ltr'>Chemn.</span> <span class='ocrx_word' id='word_1_237' title='bbox 556 1840 653 1867; x_wconf 82' lang='lat' dir='ltr'>Conch.</span> <span class='ocrx_word' id='word_1_238' title='bbox 675 1840 738 1866; x_wconf 85' lang='lat' dir='ltr'>Cab.</span> <span class='ocrx_word' id='word_1_239' title='bbox 760 1841 810 1866; x_wconf 87' lang='lat' dir='ltr'>vol.</span> <span class='ocrx_word' id='word_1_240' title='bbox 830 1841 853 1867; x_wconf 87' lang='lat'>8.</span> <span class='ocrx_word' id='word_1_241' title='bbox 881 1849 941 1874; x_wconf 86' lang='lat' dir='ltr'>pag.</span> <span class='ocrx_word' id='word_1_242' title='bbox 968 1841 1008 1868; x_wconf 85' lang='lat'>21.</span> <span class='ocrx_word' id='word_1_243' title='bbox 1028 1842 1073 1875; x_wconf 85' lang='lat' dir='ltr'>fig.</span> <span class='ocrx_word' id='word_1_244' title='bbox 1094 1841 1239 1867; x_wconf 72' lang='lat'>662—666.</span> <span class='ocrx_word' id='word_1_245' title='bbox 1283 1840 1366 1866; x_wconf 71' lang='lat' dir='ltr'>&#39;resta</span> <span class='ocrx_word' id='word_1_246' title='bbox 1388 1839 1569 1873; x_wconf 81' lang='lat' dir='ltr'>inaequivalvi</span> <span class='ocrx_word' id='word_1_247' title='bbox 1592 1841 1673 1865; x_wconf 80' lang='lat' dir='ltr'>ovata</span> <span class='ocrx_word' id='word_1_248' title='bbox 1699 1838 1846 1872; x_wconf 81' lang='lat' dir='ltr'>parasitica</span> <span class='ocrx_word' id='word_1_249' title='bbox 1874 1837 2005 1863; x_wconf 77' lang='lat' dir='ltr'>lateribus</span> 
     </span>
     <span class='ocr_line' id='line_1_26' title="bbox 400 1880 2003 1918; baseline -0.002 -9"><span class='ocrx_word' id='word_1_250' title='bbox 400 1883 496 1909; x_wconf 81' lang='lat' dir='ltr'>obtuse</span> <span class='ocrx_word' id='word_1_251' title='bbox 516 1883 633 1918; x_wconf 75' lang='lat' dir='ltr'>plicatis.</span> <span class='ocrx_word' id='word_1_252' title='bbox 670 1883 756 1908; x_wconf 80' lang='lat' dir='ltr'>Valva</span> <span class='ocrx_word' id='word_1_253' title='bbox 775 1884 895 1917; x_wconf 79' lang='lat' dir='ltr'>superior</span> <span class='ocrx_word' id='word_1_254' title='bbox 914 1888 990 1910; x_wconf 80' lang='lat' dir='ltr'>costa</span> <span class='ocrx_word' id='word_1_255' title='bbox 1009 1884 1067 1910; x_wconf 82' lang='lat' dir='ltr'>lata</span> <span class='ocrx_word' id='word_1_256' title='bbox 1086 1883 1293 1918; x_wconf 71' lang='lat' dir='ltr'>longitudinan3</span> <span class='ocrx_word' id='word_1_257' title='bbox 1313 1884 1392 1909; x_wconf 82' lang='lat' dir='ltr'>valva</span> <span class='ocrx_word' id='word_1_258' title='bbox 1412 1883 1521 1909; x_wconf 84' lang='lat' dir='ltr'>inferior</span> <span class='ocrx_word' id='word_1_259' title='bbox 1540 1882 1629 1908; x_wconf 81' lang='lat' dir='ltr'>canali</span> <span class='ocrx_word' id='word_1_260' title='bbox 1655 1881 1786 1916; x_wconf 84' lang='lat' dir='ltr'>profundo</span> <span class='ocrx_word' id='word_1_261' title='bbox 1813 1880 2003 1913; x_wconf 78' lang='lat' dir='ltr'>distinguitur.</span> 
     </span>
     <span class='ocr_line' id='line_1_27' title="bbox 399 1925 894 1952; baseline 0 -1"><span class='ocrx_word' id='word_1_262' title='bbox 399 1925 538 1952; x_wconf 78' lang='lat' dir='ltr'>Adhaeret</span> <span class='ocrx_word' id='word_1_263' title='bbox 557 1926 638 1952; x_wconf 88' lang='lat' dir='ltr'>ramis</span> <span class='ocrx_word' id='word_1_264' title='bbox 658 1925 783 1951; x_wconf 81' lang='lat' dir='ltr'>arborum</span> <span class='ocrx_word' id='word_1_265' title='bbox 803 1927 894 1952; x_wconf 83' lang='lat' dir='ltr'>maris.</span> 
     </span>
    </p>
   </div>
   <div class='ocr_carea' id='block_1_11' title="bbox 136 1982 2006 2194">
    <p class='ocr_par' dir='ltr' id='par_1_14' title="bbox 136 1982 2006 2138">
     <span class='ocr_line' id='line_1_28' title="bbox 293 1982 2006 2027; baseline -0.002 -10"><span class='ocrx_word' id='word_1_266' title='bbox 293 1986 378 2018; x_wconf 86' lang='lat' dir='ltr'>Haec</span> <span class='ocrx_word' id='word_1_267' title='bbox 402 1986 524 2027; x_wconf 81' lang='lat' dir='ltr'>species</span> <span class='ocrx_word' id='word_1_268' title='bbox 549 1987 645 2018; x_wconf 85' lang='lat' dir='ltr'>maris</span> <span class='ocrx_word' id='word_1_269' title='bbox 669 1986 770 2017; x_wconf 82' lang='lat' dir='ltr'>Indici</span> <span class='ocrx_word' id='word_1_270' title='bbox 794 1986 880 2018; x_wconf 88' lang='lat' dir='ltr'>haud</span> <span class='ocrx_word' id='word_1_271' title='bbox 904 1998 974 2018; x_wconf 87' lang='lat' dir='ltr'>rara</span> <span class='ocrx_word' id='word_1_272' title='bbox 997 1988 1098 2019; x_wconf 86' lang='lat' dir='ltr'>forma</span> <span class='ocrx_word' id='word_1_273' title='bbox 1124 1987 1202 2018; x_wconf 79' lang='lat' dir='ltr'>satis</span> <span class='ocrx_word' id='word_1_274' title='bbox 1227 1989 1389 2022; x_wconf 80' lang='lat' dir='ltr'>constans.</span> <span class='ocrx_word' id='word_1_275' title='bbox 1415 1986 1469 2017; x_wconf 83' lang='lat' dir='ltr'>sed</span> <span class='ocrx_word' id='word_1_276' title='bbox 1495 1986 1598 2017; x_wconf 85' lang='lat' dir='ltr'>colore</span> <span class='ocrx_word' id='word_1_277' title='bbox 1623 1984 1785 2016; x_wconf 87' lang='lat' dir='ltr'>variabilis</span> <span class='ocrx_word' id='word_1_278' title='bbox 1808 1986 1865 2015; x_wconf 76' lang='lat' dir='ltr'>est.</span> <span class='ocrx_word' id='word_1_279' title='bbox 1913 1982 2006 2013; x_wconf 80' lang='lat' dir='ltr'>Com-</span> 
     </span>
     <span class='ocr_line' id='line_1_29' title="bbox 136 2038 2001 2083; baseline -0.003 -10"><span class='ocrx_word' id='word_1_280' title='bbox 136 2042 255 2073; x_wconf 83' lang='lat' dir='ltr'>mutari</span> <span class='ocrx_word' id='word_1_281' title='bbox 279 2052 342 2073; x_wconf 89' lang='lat' dir='ltr'>non</span> <span class='ocrx_word' id='word_1_282' title='bbox 367 2042 461 2073; x_wconf 81' lang='lat' dir='ltr'>debet</span> <span class='ocrx_word' id='word_1_283' title='bbox 484 2053 556 2073; x_wconf 85' lang='lat' dir='ltr'>cum</span> <span class='ocrx_word' id='word_1_284' title='bbox 581 2041 696 2073; x_wconf 83' lang='lat' dir='ltr'>Ostrea</span> <span class='ocrx_word' id='word_1_285' title='bbox 718 2041 829 2073; x_wconf 87' lang='lat' dir='ltr'>fronde</span> <span class='ocrx_word' id='word_1_286' title='bbox 853 2042 996 2079; x_wconf 76' lang='lat' dir='ltr'>Linnaei.</span> <span class='ocrx_word' id='word_1_287' title='bbox 1020 2043 1138 2083; x_wconf 82' lang='lat' dir='ltr'>pariter</span> <span class='ocrx_word' id='word_1_288' title='bbox 1166 2042 1329 2082; x_wconf 76' lang='lat' dir='ltr'>unguibus</span> <span class='ocrx_word' id='word_1_289' title='bbox 1353 2042 1419 2072; x_wconf 83' lang='lat' dir='ltr'>suis</span> <span class='ocrx_word' id='word_1_290' title='bbox 1443 2041 1678 2081; x_wconf 84' lang='lat' dir='ltr'>Gorgoniarum</span> <span class='ocrx_word' id='word_1_291' title='bbox 1702 2040 1840 2071; x_wconf 82' lang='lat' dir='ltr'>ramulos</span> <span class='ocrx_word' id='word_1_292' title='bbox 1865 2038 2001 2079; x_wconf 79' lang='lat' dir='ltr'>amplec-</span> 
     </span>
     <span class='ocr_line' id='line_1_30' title="bbox 137 2097 859 2138; baseline 0 -10"><span class='ocrx_word' id='word_1_293' title='bbox 137 2100 219 2136; x_wconf 81' lang='lat' dir='ltr'>tens,</span> <span class='ocrx_word' id='word_1_294' title='bbox 243 2108 324 2138; x_wconf 86' lang='lat' dir='ltr'>quae</span> <span class='ocrx_word' id='word_1_295' title='bbox 349 2109 387 2128; x_wconf 84' lang='lat' dir='ltr'>ex</span> <span class='ocrx_word' id='word_1_296' title='bbox 415 2097 543 2128; x_wconf 81' lang='lat' dir='ltr'>Antillis</span> <span class='ocrx_word' id='word_1_297' title='bbox 566 2097 680 2128; x_wconf 85' lang='lat' dir='ltr'>insulis</span> <span class='ocrx_word' id='word_1_298' title='bbox 703 2098 859 2138; x_wconf 81' lang='lat' dir='ltr'>provenit.</span> 
     </span>
    </p>

    <p class='ocr_par' dir='ltr' id='par_1_15' title="bbox 297 2152 1378 2194">
     <span class='ocr_line' id='line_1_31' title="bbox 297 2152 1378 2194; baseline -0.001 -9"><span class='ocrx_word' id='word_1_299' title='bbox 297 2152 481 2194; x_wconf 84' lang='lat' dir='ltr'>Specimina</span> <span class='ocrx_word' id='word_1_300' title='bbox 506 2154 633 2183; x_wconf 87' lang='lat' dir='ltr'>tantum</span> <span class='ocrx_word' id='word_1_301' title='bbox 658 2153 781 2184; x_wconf 89' lang='lat' dir='ltr'>minora</span> <span class='ocrx_word' id='word_1_302' title='bbox 805 2153 923 2184; x_wconf 77' lang='lat' dir='ltr'>adsunt</span> <span class='ocrx_word' id='word_1_303' title='bbox 946 2165 1043 2194; x_wconf 85' lang='lat' dir='ltr'>prope</span> <span class='ocrx_word' id='word_1_304' title='bbox 1068 2154 1263 2194; x_wconf 75' lang='lat' dir='ltr'>Walzayama</span> <span class='ocrx_word' id='word_1_305' title='bbox 1288 2154 1378 2184; x_wconf 80' lang='lat' dir='ltr'>lecta.</span> 
     </span>
    </p>
   </div>
   <div class='ocr_carea' id='block_1_12' title="bbox 350 2262 1400 2364">
    <p class='ocr_par' dir='ltr' id='par_1_16' title="bbox 350 2262 1400 2364">
     <span class='ocr_line' id='line_1_32' title="bbox 748 2262 1400 2304; baseline 0 -11"><span class='ocrx_word' id='word_1_306' title='bbox 748 2262 899 2294; x_wconf 73' lang='lat' dir='ltr'>Ostrea</span> <span class='ocrx_word' id='word_1_307' title='bbox 926 2263 1093 2304; x_wconf 86' lang='lat' dir='ltr'>plicata</span> <span class='ocrx_word' id='word_1_308' title='bbox 1124 2262 1284 2294; x_wconf 81' lang='lat' dir='ltr'>Chemn.</span> <span class='ocrx_word' id='word_1_309' title='bbox 1318 2274 1400 2294; x_wconf 74' lang='lat' dir='ltr'>var.</span> 
     </span>
     <span class='ocr_line' id='line_1_33' title="bbox 350 2329 1082 2364; baseline -0.001 -8"><span class='ocrx_word' id='word_1_310' title='bbox 350 2330 447 2357; x_wconf 83' lang='lat' dir='ltr'>Conch.</span> <span class='ocrx_word' id='word_1_311' title='bbox 468 2329 532 2356; x_wconf 73' lang='lat' dir='ltr'>Cab.</span> <span class='ocrx_word' id='word_1_312' title='bbox 553 2330 602 2356; x_wconf 83' lang='lat' dir='ltr'>vol.</span> <span class='ocrx_word' id='word_1_313' title='bbox 623 2330 646 2356; x_wconf 83' lang='lat'>8.</span> <span class='ocrx_word' id='word_1_314' title='bbox 667 2338 728 2364; x_wconf 82' lang='lat' dir='ltr'>pag.</span> <span class='ocrx_word' id='word_1_315' title='bbox 749 2330 789 2355; x_wconf 69' lang='lat'>34.</span> <span class='ocrx_word' id='word_1_316' title='bbox 812 2329 876 2356; x_wconf 81' lang='lat' dir='ltr'>Tab.</span> <span class='ocrx_word' id='word_1_317' title='bbox 897 2330 937 2356; x_wconf 78' lang='lat'>73.</span> <span class='ocrx_word' id='word_1_318' title='bbox 958 2330 1003 2363; x_wconf 85' lang='lat' dir='ltr'>fig.</span> <span class='ocrx_word' id='word_1_319' title='bbox 1024 2330 1082 2356; x_wconf 81' lang='lat'>674.</span> 
     </span>
    </p>
   </div>
   <div class='ocr_carea' id='block_1_13' title="bbox 138 2386 2009 2597">
    <p class='ocr_par' dir='ltr' id='par_1_17' title="bbox 138 2386 2004 2487">
     <span class='ocr_line' id='line_1_34' title="bbox 299 2386 2004 2431; baseline -0.004 -9"><span class='ocrx_word' id='word_1_320' title='bbox 299 2390 415 2431; x_wconf 85' lang='lat' dir='ltr'>„Testa</span> <span class='ocrx_word' id='word_1_321' title='bbox 439 2390 640 2422; x_wconf 83' lang='lat' dir='ltr'>subrotunda</span> <span class='ocrx_word' id='word_1_322' title='bbox 663 2390 844 2430; x_wconf 75' lang='lat' dir='ltr'>parasitica.</span> <span class='ocrx_word' id='word_1_323' title='bbox 869 2402 908 2421; x_wconf 83' lang='lat' dir='ltr'>ex</span> <span class='ocrx_word' id='word_1_324' title='bbox 932 2391 1056 2422; x_wconf 86' lang='lat' dir='ltr'>cinereo</span> <span class='ocrx_word' id='word_1_325' title='bbox 1081 2393 1112 2421; x_wconf 82' lang='lat' dir='ltr'>ct</span> <span class='ocrx_word' id='word_1_326' title='bbox 1136 2390 1269 2422; x_wconf 79' lang='lat' dir='ltr'>obscure</span> <span class='ocrx_word' id='word_1_327' title='bbox 1293 2390 1437 2421; x_wconf 84' lang='lat' dir='ltr'>coeruleo</span> <span class='ocrx_word' id='word_1_328' title='bbox 1455 2389 1604 2427; x_wconf 81' lang='lat' dir='ltr'>violacea,</span> <span class='ocrx_word' id='word_1_329' title='bbox 1629 2389 1743 2420; x_wconf 79' lang='lat' dir='ltr'>obtuse</span> <span class='ocrx_word' id='word_1_330' title='bbox 1761 2387 1888 2428; x_wconf 72' lang='lat' dir='ltr'>plicata,</span> <span class='ocrx_word' id='word_1_331' title='bbox 1913 2386 2004 2427; x_wconf 68' lang='lat' dir='ltr'>plicis</span> 
     </span>
     <span class='ocr_line' id='line_1_35' title="bbox 138 2445 873 2487; baseline -0.003 -9"><span class='ocrx_word' id='word_1_332' title='bbox 138 2447 263 2487; x_wconf 84' lang='lat' dir='ltr'>rugosis</span> <span class='ocrx_word' id='word_1_333' title='bbox 290 2448 322 2478; x_wconf 77' lang='lat' dir='ltr'>et</span> <span class='ocrx_word' id='word_1_334' title='bbox 346 2446 534 2484; x_wconf 76' lang='lat' dir='ltr'>imbricatis,</span> <span class='ocrx_word' id='word_1_335' title='bbox 558 2445 703 2486; x_wconf 84' lang='lat' dir='ltr'>margine</span> <span class='ocrx_word' id='word_1_336' title='bbox 726 2445 873 2486; x_wconf 70' lang='lat' dir='ltr'>plicato.“</span> 
     </span>
    </p>

    <p class='ocr_par' dir='ltr' id='par_1_18' title="bbox 139 2497 2009 2597">
     <span class='ocr_line' id='line_1_36' title="bbox 296 2497 2009 2541; baseline -0.002 -9"><span class='ocrx_word' id='word_1_337' title='bbox 296 2500 466 2532; x_wconf 88' lang='lat' dir='ltr'>Gmelinus</span> <span class='ocrx_word' id='word_1_338' title='bbox 497 2511 612 2532; x_wconf 88' lang='lat' dir='ltr'>nomen</span> <span class='ocrx_word' id='word_1_339' title='bbox 645 2502 763 2531; x_wconf 83' lang='lat' dir='ltr'>temere</span> <span class='ocrx_word' id='word_1_340' title='bbox 794 2500 933 2532; x_wconf 87' lang='lat' dir='ltr'>mutavit</span> <span class='ocrx_word' id='word_1_341' title='bbox 961 2500 993 2531; x_wconf 88' lang='lat' dir='ltr'>in</span> <span class='ocrx_word' id='word_1_342' title='bbox 1026 2500 1160 2541; x_wconf 75' lang='lat' dir='ltr'>„Ostrea</span> <span class='ocrx_word' id='word_1_343' title='bbox 1188 2500 1359 2540; x_wconf 73' lang='lat' dir='ltr'>plicatula“</span> <span class='ocrx_word' id='word_1_344' title='bbox 1395 2500 1492 2541; x_wconf 48' lang='lat' dir='ltr'>(Sys-t.</span> <span class='ocrx_word' id='word_1_345' title='bbox 1527 2500 1599 2531; x_wconf 85' lang='lat' dir='ltr'>Nat.</span> <span class='ocrx_word' id='word_1_346' title='bbox 1630 2510 1702 2540; x_wconf 77' lang='lat' dir='ltr'>pag.</span> <span class='ocrx_word' id='word_1_347' title='bbox 1733 2498 1840 2538; x_wconf 78' lang='lat'>3336).</span> <span class='ocrx_word' id='word_1_348' title='bbox 1895 2497 2009 2529; x_wconf 76' lang='lat' dir='ltr'>Ostrea</span> 
     </span>
     <span class='ocr_line' id='line_1_37' title="bbox 139 2553 2008 2597; baseline -0.002 -9"><span class='ocrx_word' id='word_1_349' title='bbox 139 2556 288 2597; x_wconf 70' lang='lat' dir='ltr'>glauciu-a</span> <span class='ocrx_word' id='word_1_350' title='bbox 317 2557 405 2588; x_wconf 89' lang='lat' dir='ltr'>Lam.</span> <span class='ocrx_word' id='word_1_351' title='bbox 438 2557 483 2587; x_wconf 89' lang='lat' dir='ltr'>nil</span> <span class='ocrx_word' id='word_1_352' title='bbox 514 2556 575 2587; x_wconf 83' lang='lat' dir='ltr'>nisi</span> <span class='ocrx_word' id='word_1_353' title='bbox 603 2556 741 2587; x_wconf 80' lang='lat' dir='ltr'>varietas</span> <span class='ocrx_word' id='word_1_354' title='bbox 770 2558 827 2587; x_wconf 84' lang='lat' dir='ltr'>est.</span> <span class='ocrx_word' id='word_1_355' title='bbox 883 2555 996 2587; x_wconf 80' lang='lat' dir='ltr'>Ostrea</span> <span class='ocrx_word' id='word_1_356' title='bbox 1025 2556 1144 2596; x_wconf 82' lang='lat' dir='ltr'>plicata</span> <span class='ocrx_word' id='word_1_357' title='bbox 1176 2555 1240 2586; x_wconf 78' lang='lat' dir='ltr'>Dfr.</span> <span class='ocrx_word' id='word_1_358' title='bbox 1272 2558 1321 2586; x_wconf 80' lang='lat' dir='ltr'>est</span> <span class='ocrx_word' id='word_1_359' title='bbox 1352 2556 1472 2596; x_wconf 72' lang='lat' dir='ltr'>species</span> <span class='ocrx_word' id='word_1_360' title='bbox 1504 2555 1660 2595; x_wconf 87' lang='lat' dir='ltr'>quaedam</span> <span class='ocrx_word' id='word_1_361' title='bbox 1691 2554 1815 2585; x_wconf 82' lang='lat' dir='ltr'>telluris</span> <span class='ocrx_word' id='word_1_362' title='bbox 1847 2553 2008 2585; x_wconf 68' lang='lat' dir='ltr'>tertiaria(-</span> 
     </span>
    </p>
   </div>
   <div class='ocr_carea' id='block_1_14' title="bbox 142 2609 2007 2695">
    <p class='ocr_par' dir='ltr' id='par_1_19' title="bbox 142 2609 2007 2695">
     <span class='ocr_line' id='line_1_38' title="bbox 142 2609 2007 2683; baseline -0.003 -39"><span class='ocrx_word' id='word_1_363' title='bbox 142 2612 276 2651; x_wconf 70' lang='lat' dir='ltr'>fossilis:</span> <span class='ocrx_word' id='word_1_364' title='bbox 304 2612 419 2644; x_wconf 84' lang='lat' dir='ltr'>Ostrea</span> <span class='ocrx_word' id='word_1_365' title='bbox 442 2612 560 2652; x_wconf 83' lang='lat' dir='ltr'>plicata</span> <span class='ocrx_word' id='word_1_366' title='bbox 583 2611 714 2642; x_wconf 80' lang='lat' dir='ltr'>Nilsson</span> <span class='ocrx_word' id='word_1_367' title='bbox 738 2627 780 2640; x_wconf 62' lang='lat' dir='ltr'><em>z</em></span> <span class='ocrx_word' id='word_1_368' title='bbox 804 2612 917 2642; x_wconf 73' lang='lat' dir='ltr'>Ostrea</span> <span class='ocrx_word' id='word_1_369' title='bbox 940 2611 1082 2642; x_wconf 80' lang='lat' dir='ltr'>Nilssoni</span> <span class='ocrx_word' id='word_1_370' title='bbox 1106 2611 1157 2642; x_wconf 88' lang='lat' dir='ltr'>Br.</span> <span class='ocrx_word' id='word_1_371' title='bbox 1182 2611 1222 2642; x_wconf 86' lang='lat' dir='ltr'>ad</span> <span class='ocrx_word' id='word_1_372' title='bbox 1246 2611 1472 2642; x_wconf 83' lang='lat' dir='ltr'>formationem</span> <span class='ocrx_word' id='word_1_373' title='bbox 1497 2610 1630 2642; x_wconf 72' lang='lat' dir='ltr'>Succiae</span> <span class='ocrx_word' id='word_1_374' title='bbox 1653 2612 1831 2683; x_wconf 50' lang='lat' dir='ltr'>cretgigceam</span> <span class='ocrx_word' id='word_1_375' title='bbox 1860 2609 2007 2649; x_wconf 80' lang='lat' dir='ltr'>pertinet.</span> 
     </span>
     <span class='ocr_line' id='line_1_39' title="bbox 220 2656 1738 2695; baseline -0.003 -7"><span class='ocrx_word' id='word_1_376' title='bbox 220 2662 342 2694; x_wconf 81' lang='lat' dir='ltr'>Dunker‚</span> <span class='ocrx_word' id='word_1_377' title='bbox 360 2662 433 2688; x_wconf 82' lang='lat' dir='ltr'>Mon.</span> <span class='ocrx_word' id='word_1_378' title='bbox 453 2661 513 2695; x_wconf 83' lang='lat' dir='ltr'>Jap.</span> <span class='ocrx_word' id='word_1_379' title='bbox 535 2669 600 2687; x_wconf 85' lang='lat' dir='ltr'>mar.</span> <span class='ocrx_word' id='word_1_380' title='bbox 1732 2656 1738 2666; x_wconf 66' lang='lat'>⁵</span> 
     </span>
    </p>
   </div>
  </div>
 </body>
</html>
