2379 3382
861 280 1093 310 -199—

55 372 228 414 Cythereae
252 370 299 402 vel
323 369 496 400 Meretricis
521 366 706 409 petechialis
728 366 917 397 Lamarckii.
965 365 1045 396 Clar.
1072 364 1207 395 Lisclike
1231 365 1308 395 adeo
1332 365 1480 404 opinatur
1503 365 1604 404 ipsam
1628 364 1777 395 Venerem
1801 375 1899 395 mere-

52 428 163 459 tricem
187 437 258 458 cum
283 426 399 456 Venere
422 424 539 456 lusoria
559 422 755 464 jungendam
780 432 857 458 esse,
883 420 967 462 quod
992 431 1050 460 ego
1077 420 1203 459 quidem
1235 430 1298 450 non
1329 420 1547 458 concesserim,
1578 431 1649 450 cum
1677 420 1755 451 haec
1778 420 1897 460 species

54 483 139 524 quod
162 483 259 514 sciam
288 483 371 512 testa
399 480 490 511 valde
525 479 649 510 tumida
682 477 783 509 multo
817 476 980 511 crassiore.
1016 476 1145 506 omnino
1180 477 1249 505 tota
1273 474 1373 505 forma
1395 486 1431 505 ac
1455 475 1533 506 facie
1566 475 1697 506 differat.
1745 475 1899 515 Cytherea

55 537 239 580 petechialis
262 537 369 577 typica
392 535 549 567 interdum
574 535 613 566 ad
643 533 899 574 magnitudinem
931 532 1079 562 eximiam
1109 531 1269 571 pervenit.
1299 530 1472 570 specimina
1503 530 1669 561 105—110
1697 531 1773 562 mill.
1803 531 1898 571 longa

55 604 150 635 prope
172 592 334 633 Nagasaki
358 591 442 622 haud
465 601 535 622 raro
558 591 591 621 in
615 591 789 620 mercatum
813 587 961 625 veniunt3
985 589 1035 617 est
1058 587 1141 617 enim
1165 585 1243 616 haec
1267 586 1387 617 concha
1409 586 1541 626 Japanis
1564 586 1653 617 cibus
1677 587 1783 626 magni
1804 586 1899 617 aesti-

54 652 168 688 matus,
199 649 254 690 qui
287 646 498 689 „Hamaguri“
534 645 724 677 nominatur.
777 643 936 684 Rumphio
967 645 1049 674 teste
1079 643 1110 673 in
1143 653 1179 672 ea
1210 641 1381 672 Crustacea
1409 642 1591 682 saepissime
1624 642 1827 673 inveniuntur
1859 641 1897 672 ad

54 715 156 746 genus
179 704 370 736 Pinnoterae
392 702 595 744 pertinentia.

618 798 820 840 Cytherea
848 797 1039 829 meretrix
1062 797 1144 828 Lin.
1170 796 1336 837 (Venus).

261 870 331 903 Syst.
352 868 415 895 Nat.
435 867 474 894 ed.
496 867 535 893 10.
554 875 616 901 pag.
637 866 694 893 686.
731 866 828 892 Cheru
837 874 862 892 n.
892 865 989 891 Conch.
1009 864 1072 890 Cab.
1092 864 1142 890 vol.
1164 864 1186 890 6.
1207 863 1271 889 Tab.
1291 864 1331 890 33.
1352 864 1396 896 fig.
1416 864 1473 890 347.
1491 864 1547 890 348.
1562 866 1589 889 et
1608 865 1768 895 „varietates
1785 865 1899 891 conchae

311 912 428 942 Veneris,
448 919 515 944 quae
535 910 660 936 Meretrix
681 918 726 936 seu
745 908 880 943 impudica
900 910 1027 933 vocatur-⁴·
1048 907 1113 934 ibid.
1126 908 1190 941 figg.
1206 907 1398 934 349350352.
1414 908 1515 940 pariter
1535 907 1711 941 Cytherea
1731 911 1899 934 castanea

310 955 392 981 Lam.
413 954 544 981 Chemn.
567 954 631 980 Tab.
651 954 690 980 33.
712 954 758 987 fig.
777 953 836 979 351.
872 952 928 978 Has
948 959 1038 977 omnes
1057 952 1143 976 testas
1163 951 1188 976 in
1209 950 1303 983 figuris
1323 950 1365 976 hic
1384 950 1502 976 laudatis
1527 950 1592 976 benc
1617 950 1736 984 depictas
1762 951 1794 977 ad
1820 959 1900 977 unam

313 998 477 1032 eandemque
496 997 608 1031 speciem
630 997 763 1030 pertinere
783 995 848 1022 mihi
867 995 1099 1028 persuasissimum
1120 995 1168 1020 cst.

208 1059 348 1091 Exstant
370 1059 403 1090 in
425 1059 575 1091 thesauro
607 1058 843 1099 conchyliorum
878 1059 990 1088 nostro
1022 1056 1123 1087 multa
1157 1055 1331 1095 specimina
1361 1055 1392 1086 in
1421 1055 1566 1096 Japonia.
1598 1054 1698 1086 China
1728 1058 1759 1085 et
1790 1055 1901 1087 insulis

56 1115 251 1147 Andamanis
273 1115 365 1147 lecta.

698 1199 902 1241 Cytherea
935 1198 1141 1239 morphina
1163 1197 1262 1229 Lam.

261 1267 350 1293 Anim.
370 1275 432 1293 sans
451 1270 518 1294 vert.
537 1268 588 1294 vol.
608 1268 630 1293 6.
649 1275 712 1301 pag.
730 1267 788 1293 300.
808 1266 936 1293 Chemn.
956 1266 1053 1293 Conch.
1074 1266 1137 1292 Cab.
1158 1266 1207 1292 vol.
1225 1266 1248 1291 6.
1268 1265 1312 1299 fig.
1332 1265 1390 1291 358.

209 1328 380 1370 Nagasaki‚
405 1329 545 1367 Simoda,
574 1328 771 1367 Yokohama,
803 1331 886 1360 teste
913 1328 949 1359 A.
982 1328 1100 1359 Adams
1127 1327 1146 1358 l.
1180 1339 1204 1358 c.
1234 1337 1304 1367 pag.
1336 1326 1407 1357 231.
1461 1326 1531 1357 Non
1558 1325 1651 1366 longe
1682 1326 1792 1357 absum
1824 1327 1901 1367 quin

56 1385 189 1425 credam,
212 1386 295 1417 hanc
318 1386 453 1427 speciem
476 1386 594 1427 pariter
617 1385 661 1417 nil
685 1397 752 1418 esse
776 1385 838 1416 nisi
861 1385 1046 1416 varietatem
1070 1383 1243 1424 Cythereae
1265 1382 1448 1414 meretricis.

721 1506 846 1539 Genus
870 1503 1076 1546 Gomphina
1099 1502 1236 1537 Miirch.

545 1584 777 1624 Gomphina
807 1584 1016 1616 donacina
1047 1582 1207 1613 Chemn.
1241 1579 1411 1622 (Venus).

261 1651 357 1678 Conch.
377 1651 440 1678 Cab.
460 1651 509 1678 vol.
525 1651 561 1678 10.
582 1659 642 1686 pag.
662 1651 720 1678 231.
740 1652 784 1685 fig.
808 1652 881 1678 1983.
903 1651 976 1677 1984.
996 1651 1095 1684 (icones
1116 1649 1221 1684 quidem
1243 1649 1397 1682 medioeres,
1416 1656 1483 1683 quae
1502 1656 1563 1674 vero
1581 1647 1727 1682 sufficiunt)
1747 1656 1794 1674 nec
1814 1648 1901 1674 Venus

311 1694 441 1720 donacina
457 1694 551 1725 GmeL,
567 1702 634 1728 quae
646 1694 680 1720 ad
694 1695 799 1720 Meroen
819 1695 945 1729 pertinet.
984 1694 1093 1720 Venus
1113 1693 1404 1719 semicancellata
1424 1692 1522 1718 Koch.
1560 1691 1666 1718 Venus
1685 1692 1901 1726 aequilatera

312 1738 389 1764 Sow.
426 1737 570 1763 Lischke
588 1737 648 1771 Jap.
668 1738 702 1764 M.
724 1737 820 1764 Conch.
840 1738 890 1764 vol.
912 1739 933 1764 1.
954 1745 1014 1772 pag.
1036 1737 1092 1763 120.

208 1797 326 1839 Magna
348 1799 553 1839 speciminum
586 1799 682 1830 series
713 1802 820 1831 exstat
850 1799 944 1830 huius
978 1799 1117 1830 conchae
1151 1798 1229 1830 satis
1253 1797 1401 1838 cognitae
1431 1798 1496 1828 tam
1520 1797 1644 1837 pictura
1674 1808 1768 1837 quam
1800 1796 1902 1828 colore

56 1854 225 1886 variabilis.
272 1855 453 1896 Specimina
476 1856 624 1897 pleraque
648 1857 855 1888 inveniuntur
878 1856 1003 1896 pictura
1027 1855 1194 1886 reticulata
1217 1854 1377 1894 radiisque
1393 1853 1496 1884 tribus
1511 1853 1749 1884 obscurioribus
1765 1853 1901 1893 signata,

55 1910 214 1942 interdum
236 1912 369 1943 maculis
392 1912 644 1952 nigrescentibus
661 1913 708 1944 vel
725 1913 818 1943 lineis
834 1912 931 1944 fuscis
947 1912 1109 1952 angulatis
1126 1913 1182 1942 aut
1200 1910 1369 1951 fulguratis
1392 1911 1514 1941 ornata.
1554 1908 1646 1941 Color
1670 1909 1759 1940 fundi
1776 1910 1902 1941 albidus

56 1968 105 1998 est
127 1967 175 1998 vel
199 1968 330 2008 griseus,
353 1968 456 1999 rarius
478 1969 657 2000 rubescens.

210 2023 422 2055 Confer-antur
444 2035 525 2065 quae
549 2025 621 2056 clar.
645 2024 782 2056 Lischke
806 2025 843 2055 de
868 2024 985 2056 Venere
1010 2025 1057 2055 vel
1082 2023 1263 2064 Gomphina
1287 2022 1444 2054 donacina
1467 2022 1485 2053 l.
1511 2023 1529 2054 l.
1551 2021 1615 2062 jam
1640 2021 1797 2053 disseruit.

652 2119 881 2160 Gomphina
912 2119 1170 2159 melanaegis
1202 2118 1308 2149 Rom.

262 2187 361 2214 Malak.
381 2187 421 2213 Bl.
443 2187 516 2213 1861.
536 2195 596 2221 pag.
618 2188 673 2214 157.
712 2187 847 2213 Dunker
866 2187 931 2213 Nov.
953 2187 1042 2213 conch.
1062 2194 1122 2221 pag.
1143 2187 1183 2212 40.
1204 2185 1268 2212 Tab.
1289 2186 1327 2212 12.
1348 2186 1392 2219 tig.
1414 2185 1453 2212 12.
1475 2186 1513 2211 13.

214 2247 300 2279 Haec
333 2249 453 2288 species
486 2249 518 2280 in
555 2249 713 2289 singulam
748 2251 873 2280 tantum
909 2249 1032 2279 valvam
1057 2249 1075 2280 l.
1101 2259 1125 2279 c.
1149 2248 1250 2288 primo
1285 2248 1442 2288 depictam
1476 2246 1609 2277 fundata
1639 2248 1695 2276 est.
1742 2245 1903 2277 Posterius

56 2302 214 2342 specimen
237 2303 339 2344 majus
363 2304 554 2345 completum
578 2305 685 2346 paullo
710 2305 891 2345 discrepans
915 2305 987 2335 clar.
1013 2304 1148 2335 Lischke
1173 2304 1254 2344 (Jap.
1280 2303 1321 2334 M.
1347 2302 1464 2333 Conch.
1490 2303 1549 2333 vol.
1574 2302 1602 2333 3.
1628 2301 1704 2332 Tab.
1729 2302 1756 2332 7.
1781 2302 1832 2342 fig.
1853 2303 1900 2333 10.

58 2357 120 2399 11.)
145 2358 298 2400 depinxit.
344 2360 436 2391 Nunc
459 2372 532 2392 vero
556 2361 656 2392 multa
679 2361 851 2402 specimina
872 2360 1027 2401 juvenilia
1050 2363 1082 2391 et
1106 2360 1217 2391 adulta
1240 2371 1279 2391 ex
1303 2361 1392 2400 parte
1408 2359 1509 2390 forma
1532 2358 1682 2398 gigantea
1705 2358 1822 2388 adsunt
1838 2369 1900 2389 non

57 2414 158 2446 solum
189 2415 291 2447 colore
315 2418 346 2448 et
368 2417 510 2457 picturae
543 2418 657 2455 indole.v
682 2417 737 2448 sed
761 2417 854 2448 etiam
881 2417 1056 2457 generatim
1082 2428 1118 2447 ac
1142 2416 1288 2446 universe
1323 2416 1466 2456 spectata
1490 2414 1600 2445 Veneri
1631 2413 1805 2445 donacinae
1836 2416 1902 2444 tam

57 2470 182 2509 similia,
199 2474 235 2503 ut
253 2472 330 2512 pulli
346 2473 457 2504 saltem
482 2473 580 2514 primo
605 2473 721 2504 obtutu
738 2473 910 2514 permutari
931 2475 1060 2513 queant,
1078 2483 1113 2503 eo
1132 2472 1233 2512 magis
1250 2483 1320 2502 cum
1338 2470 1531 2511 exemplaria
1554 2480 1680 2510 quoque
1703 2468 1903 2509 Gomphinae

57 2526 248 2568 melanaegis
275 2528 402 2568 juniora
431 2529 605 2561 obveniant
627 2530 658 2560 in
682 2529 781 2560 latere
810 2529 933 2570 postico
966 2539 1065 2568 paene
1090 2528 1274 2559 cancellata.
1321 2526 1355 2558 Si
1379 2538 1451 2558 vero
1476 2528 1576 2557 testae
1600 2526 1765 2565 utriusque
1788 2525 1902 2565 speciei

60 2582 151 2623 plane
174 2583 301 2615 adultae
323 2587 461 2623 exstant,
497 2584 679 2625 Gomphina
709 2585 903 2624 melanaegis
927 2584 1120 2615 umbonibus
1143 2584 1247 2624 magis
1270 2583 1535 2623 prominentibus.
1567 2583 1664 2613 latere
1688 2581 1772 2612 dorsi
1795 2581 1901 2612 antico

58 2641 221 2678 excavato,
244 2640 368 2681 postico
384 2641 489 2672 minus
506 2641 658 2681 angulata
683 2641 840 2680 sulcisque
864 2640 1074 2671 concentricis
1099 2640 1307 2671 crassioribus
1331 2650 1453 2680 semper
1470 2639 1582 2670 differt.
1622 2638 1749 2668 Pictura
1765 2637 1900 2677 plerum-

60 2705 120 2735 que
136 2696 244 2727 eadem
261 2699 310 2728 est
325 2698 420 2737 atque
438 2697 469 2728 in
489 2696 524 2728 G.
543 2697 707 2728 donacina.
747 2697 830 2728 Raro
847 2696 1021 2727 obveniunt
1047 2707 1173 2737 quoque
1197 2695 1369 2737 specimina
1394 2706 1520 2735 prorsus
1537 2693 1609 2725 alba
1625 2693 1673 2724 vel
1689 2693 1900 2724 flavescentia.
