2379 3382
916 302 1127 332 -43—

100 395 274 436 specimine
297 395 418 433 septem
442 392 657 428 numerantur,
682 389 820 430 supremi
843 391 917 425 tres,
941 388 996 428 qui
1015 389 1090 418 sunt
1114 386 1341 426 embryonales.
1365 385 1512 417 conulum
1538 386 1672 416 formant
1690 397 1729 416 ex
1746 384 1940 416 anfractibus

100 450 310 491 sequentibus
332 448 471 490 planatis
494 446 720 488 prosilientem,
753 445 884 476 ultimus
908 454 1068 475 convexus
1092 453 1187 483 prope
1211 442 1348 472 carinam
1373 445 1503 472 cavatus
1526 444 1582 472 est.
1629 441 1816 482 Superticies
1840 443 1940 471 testae

103 507 204 538 totius
227 505 318 537 albae
340 503 545 535 transversim
569 502 770 541 tenuiterque
794 500 916 538 striata,
940 501 1119 539 aperturam
1142 508 1250 529 versus
1274 497 1512 528 subimbricata.

257 560 373 601 Japaui
395 560 477 591 hanc
501 558 663 590 cochleam
689 556 882 597 „Midzu-sui
905 554 975 595 gai⁴²
1002 554 1177 585 nominant.

258 617 305 647 Ad
330 615 479 647 Latiaxin
504 614 684 646 Swainsoni
706 602 853 654 pertinet.

544 700 706 740 Rapana
737 699 779 730 de
809 697 1006 738 Burghiae
1037 696 1164 727 Reeve
1196 694 1504 735 (Rhizochilus).

476 768 541 793 Tab.
560 769 652 793 nostra
674 768 694 793 1,
714 767 759 800 fig.
779 767 800 792 5.
820 766 853 795 6,,
873 765 917 798 fig.
938 765 951 789 7
972 763 1106 797 particula
1126 761 1315 795 magnitudine
1335 764 1413 787 aucta
1433 761 1575 787 delineata.

310 811 430 845 Pyrula
450 810 692 844 (Rliizochilus)
717 809 757 835 de
776 808 947 842 Burghiae
966 807 1069 832 Reeve
1088 806 1162 832 Proc.
1181 805 1250 831 Zool.
1271 806 1327 831 Soc.
1350 805 1422 831 1857.
1441 812 1502 838 pag.
1522 803 1581 829 208.
1600 802 1664 827 Tab.
1684 802 1723 827 38.
1744 803 1786 834 fig.
1808 801 1830 826 3.

260 873 371 904 (Ὶιίηῆ,

260 929 394 960 Unicum
418 928 576 969 specimen
599 928 630 958 in
654 927 791 967 Japonia
815 926 931 957 lectum
954 925 1053 955 adest.

262 986 350 1016 Hanc
374 984 533 1015 cochleam
556 983 730 1015 mirabilem
755 982 868 1013 iterum
892 980 1094 1021 depinximus
1117 980 1154 1009 ut.
1177 978 1244 1018 ejus
1268 977 1430 1018 sculptura
1455 976 1565 1007 melius
1590 975 1720 1006 eluceat.
1767 973 1861 1003 Testa
1877 974 1946 1002 tota

107 1041 239 1072 costulis
263 1041 368 1072 densis
392 1040 579 1081 aequalibus
603 1039 751 1070 minutim
775 1037 949 1069 imbricatis
972 1037 1077 1067 cincta
1093 1037 1151 1072 est,
1168 1045 1249 1075 quae
1272 1044 1344 1064 vero
1369 1033 1509 1064 costulae
1526 1032 1556 1062 in
1574 1030 1697 1062 laciniis
1720 1029 1844 1061 carinae
1863 1038 1947 1059 com-

108 1097 223 1136 pressis
248 1099 279 1127 et
303 1097 415 1128 erectis
439 1096 556 1127 flabelli
580 1096 680 1126 instar
704 1094 932 1135 digrediuntur.

262 1152 342 1184 Clar.
367 1152 468 1183 Reeve
492 1152 574 1183 hanc
609 1151 769 1182 cochleam
792 1161 862 1181 cum
888 1148 1072 1180 Rhizochilo
1097 1146 1273 1187 conjunxit⁷
1308 1156 1375 1176 mea
1401 1144 1528 1184 quidem
1560 1142 1709 1182 opinione
1742 1140 1853 1171 melius
1877 1148 1948 1169 cum

110 1209 250 1249 Rapanis
274 1209 322 1240 vel
346 1209 521 1249 subgenere
544 1207 672 1239 Latiaxi
696 1208 906 1247 congregatur
930 1206 1056 1245 propter
1078 1203 1179 1234 totius
1202 1204 1303 1233 testae
1327 1201 1474 1232 habitum
1498 1201 1528 1230 et
1551 1198 1691 1229 umbilici
1716 1195 1946 1227 formationem.

263 1265 389 1296 Animal
413 1265 529 1304 (incola
552 1262 666 1303 testae)
691 1274 818 1303 prorsus
843 1262 987 1302 ignotum
1012 1262 1068 1291 est.

262 1321 374 1352 Murex
407 1323 527 1352 tectum
561 1320 694 1352 Sinense
727 1318 911 1358 Deshayesii
946 1317 1068 1357 (Journ.
1103 1315 1141 1346 de
1172 1314 1289 1346 Conch.
1314 1313 1374 1344 vol.
1398 1313 1427 1343 ἴ).
1451 1323 1521 1352 pag.
1546 1311 1596 1341 78.
1622 1309 1698 1340 Tab.
1723 1308 1751 1339 3.
1775 1308 1827 1347 fig.
1856 1308 1881 1336 1.
1907 1304 1948 1345 2.)

109 1378 226 1417 pariter
249 1377 388 1418 Rapanis
412 1376 607 1414 inserendus,
632 1378 758 1407 nostrae
781 1374 926 1406 cochleae
949 1373 1070 1404 ratione
1095 1371 1232 1412 quadam
1255 1369 1409 1409 analogiis
1433 1371 1489 1399 est.

749 1469 910 1509 Rapana
942 1467 1200 1499 Lischkeana
1228 1465 1316 1496 Dkr.

688 1524 752 1550 Tab.
772 1526 854 1550 nostr.
877 1524 897 1550 1.
917 1525 961 1556 rig.
984 1524 1004 1549 l.
1024 1522 1046 1548 2.
1067 1521 1132 1547 Tab.
1153 1522 1193 1547 13.
1212 1522 1257 1554 fig.
1275 1521 1316 1546 26.
1337 1520 1378 1545 27.

267 1574 361 1606 Testa
385 1575 455 1615 plus
478 1576 621 1607 minusve
653 1574 835 1611 fusiformis,
859 1573 971 1610 lactea.
997 1571 1166 1612 pellucens,
1200 1569 1397 1601 anfractibus
1433 1565 1572 1607 septenis
1596 1564 1644 1595 vel
1666 1562 1790 1594 octonis
1825 1558 1952 1591 scalatis

111 1633 221 1661 sutura
246 1631 346 1662 incisa
369 1631 531 1671 sejunctis.
563 1630 704 1671 squamis
740 1630 863 1670 magnis
899 1628 1086 1669 compressis
1111 1627 1222 1659 erectis
1246 1625 1348 1657 acutis
1372 1623 1534 1663 costisque
1566 1620 1754 1653 transversis
1778 1619 1872 1649 dense
1896 1616 1953 1646 im-

112 1686 240 1718 bricatis
274 1687 446 1719 instructa:
480 1687 646 1719 columella
679 1697 790 1728 parum
824 1686 968 1724 sinuata;
1003 1687 1151 1726 apertura
1173 1684 1284 1720 ovata3
1319 1682 1457 1712 rostrum
1487 1677 1719 1719 longiusculum
1751 1674 1953 1709 subrectum3

111 1743 230 1775 canalis
253 1745 397 1784 apertu-53
422 1744 591 1775 umbilicus
614 1743 811 1774 extrinsecus
835 1742 977 1782 squamis
1000 1741 1174 1781 majoribus
1197 1739 1396 1770 terminatus.
1443 1736 1581 1767 Labrum
1605 1734 1691 1764 intus
1710 1732 1763 1762 vix
1787 1730 1953 1765 sulcatum,

112 1799 142 1830 in
168 1799 394 1839 speciminibus
414 1800 593 1840 junioribus
616 1800 819 1840 laevigatam.
844 1815 885 1819 —
908 1797 1110 1838 Exemplaria
1133 1797 1241 1828 adulta
1265 1806 1364 1835 usque
1389 1793 1428 1824 ad
1451 1792 1492 1823 45
1516 1791 1591 1822 mill.
1615 1789 1719 1830 longa.

268 1855 395 1897 Species
429 1856 666 1897 elegantissima
699 1855 812 1886 habitu
845 1853 1006 1886 variabilis
1043 1853 1229 1894 praesertim
1264 1860 1463 1892 squamarum
1505 1847 1692 1878 formatione
1731 1842 1864 1884 insignis
1896 1843 1952 1872 est.

111 1912 271 1951 Squamae
288 1913 320 1943 in
340 1913 500 1954 superiore
522 1912 723 1944 anfractuum
747 1913 836 1952 parte
858 1921 993 1950 magnae
1017 1912 1139 1941 erectae
1163 1918 1359 1948 compressae
1384 1907 1496 1937 laeves.
1521 1902 1721 1944 spiniformes
1745 1900 1861 1940 spiram
1885 1909 1956 1938 gra-

113 1969 219 2000 datam
244 1969 389 2008 reddunt,
414 1972 575 2009 praeterea
597 1970 667 2000 tota
692 1968 819 2000 cochlea
842 1966 974 1999 costulis
997 1966 1186 1998 transversis
1210 1965 1312 1996 cincta
1337 1966 1394 1999 est.
1414 1973 1494 2002 quae
1518 1958 1693 2001 squamulis
1716 1955 1827 1988 erectis
1851 1954 1956 1986 densis

112 2029 318 2066 occupantur.
365 2025 553 2066 Operculum
578 2025 832 2057 fusco-corneum
856 2018 1069 2064 Pul-purarum
1093 2022 1248 2062 operculis
1272 2019 1451 2060 respondet.

788 2120 950 2160 Rapana
978 2118 1176 2159 Japonica
1206 2117 1294 2147 Dkr.

833 2174 897 2201 Tab.
917 2175 999 2200 nostr.
1021 2174 1059 2200 13.
1078 2172 1123 2206 fig.
1142 2172 1182 2198 24.
1201 2171 1241 2197 25.

270 2223 364 2255 Testa
398 2223 571 2255 fusiformis
606 2224 717 2262 lactea⁷
753 2223 951 2254 anfractibus
979 2222 1103 2253 octonis
1127 2220 1258 2252 costulis
1292 2217 1478 2259 aequalibus
1513 2214 1618 2245 densis
1642 2210 1787 2253 angustis
1810 2207 1958 2240 minutim

114 2279 290 2311 imbricatis
313 2290 370 2310 nec
393 2291 456 2311 non
480 2280 559 2311 serie
582 2290 786 2320 squamarum
812 2289 999 2319 magnarum
1023 2277 1140 2319 duplici
1164 2276 1356 2317 superiorem
1384 2273 1583 2305 anfractuum
1613 2272 1733 2311 partem
1756 2267 1884 2298 tenente
1910 2265 1957 2295 in-

116 2338 253 2368 structa:
288 2338 437 2377 apertura
468 2340 576 2375 ovatag
612 2336 734 2367 labrum
759 2336 846 2367 intus
869 2336 1046 2372 costatum·7
1081 2333 1248 2365 columella
1284 2341 1450 2372 perparum
1485 2329 1627 2360 sinuata:
1662 2326 1799 2357 rostrum
1821 2324 1958 2359 rectun13

115 2392 238 2423 canalis
261 2394 398 2433 apertus.
422 2410 463 2413 —u
487 2392 586 2432 Long.
611 2392 653 2422 40
675 2392 750 2423 mill.

272 2449 357 2479 Haec
379 2448 506 2480 cochlea
533 2450 678 2490 respectu
710 2447 821 2479 habito
854 2449 1013 2478 costarum
1038 2449 1070 2478 et
1092 2455 1295 2487 squamarum
1329 2441 1530 2475 antecedenti
1565 2440 1699 2479 analoga
1721 2439 1779 2475 est⁷
1803 2436 1858 2467 sed
1881 2435 1960 2466 satis

118 2505 232 2541 differt,
249 2507 285 2535 ut
301 2516 356 2546 pro
373 2505 476 2546 specie
498 2505 638 2546 genuina
660 2504 825 2536 habeatur.
871 2503 1037 2544 Discrepat
1059 2503 1142 2534 enim
1158 2513 1222 2533 non
1239 2501 1340 2532 solum
1358 2499 1490 2531 costulis
1512 2496 1699 2537 aequalibus
1722 2491 1960 2533 angustioribus

119 2561 287 2593 altioribus
311 2561 443 2602 ideoque
466 2561 578 2592 melius
602 2563 769 2602 expressis,
793 2561 847 2594 sed
871 2560 967 2592 etiam
990 2569 1194 2600 squamarum
1217 2567 1404 2597 magnarum
1429 2554 1508 2586 serie
1532 2554 1648 2595 duplici
1673 2562 1730 2583 nec
1752 2550 1845 2582 unica
1869 2560 1962 2590 supe-

119 2619 232 2650 riorem
256 2618 457 2649 anfractuum
479 2619 601 2658 partem
625 2619 763 2649 tenente.
809 2618 975 2649 Praeterea
991 2616 1051 2647 hae
1067 2625 1219 2655 squamae
1235 2624 1298 2645 non
1317 2615 1392 2644 sunt
1415 2613 1527 2647 laeves.
1552 2611 1607 2642 sed
1630 2610 1760 2641 striatae
1783 2610 1815 2639 et
1831 2607 1960 2638 dextero

119 2675 225 2713 latere,
250 2674 282 2705 id
305 2676 354 2706 est
377 2675 479 2712 dorso,
503 2674 650 2706 minutim
675 2676 822 2712 serratae,
846 2674 931 2714 quod
954 2672 1083 2714 quidem
1105 2672 1138 2702 in
1161 2670 1305 2702 iconibus
1330 2669 1447 2701 nostris
1470 2668 1603 2709 perspici
1627 2678 1690 2698 non
1715 2666 1827 2707 potest.

274 2730 358 2762 Haec
382 2733 413 2762 et
437 2729 564 2762 cochlea
586 2730 776 2762 antecedens
799 2741 816 2761 e
839 2730 917 2761 mari
940 2729 1095 2770 Japonico
1118 2727 1347 2759 mediterraneo
1372 2726 1571 2766 proveniunt.

1659 2767 1678 2798 6
1691 2767 1706 2783 *
