2317 3387
1166 280 1376 312 „90-

952 364 1050 396 Niso
1080 365 1255 397 brunnea
1284 365 1381 397 Sow.
1414 364 1602 405 (Eulima).

560 432 636 458 Thes.
657 430 755 458 Conch.
774 432 825 458 vol.
844 432 868 458 2.
888 439 949 466 pag.
968 432 1026 459 801.
1046 432 1110 459 Tab.
1132 433 1188 459 170.
1207 432 1252 466 fig.
1271 433 1294 459 3.
1314 432 1410 459 Conch.
1430 432 1472 458 111.
1491 432 1536 466 fig.
1555 431 1579 458 9.

507 493 713 525 Mino-shima
736 493 834 534 (mare
857 491 1014 524 Chinense
1037 492 1144 533 Sow.).

890 590 1014 624 Genus
1037 589 1255 624 Leiostmca
1277 589 1321 624 H.
1345 590 1383 624 et
1404 589 1448 623 A.
1471 588 1660 629 Adams.*)

510 667 603 699 Haud
641 668 759 708 exigua
793 667 888 700 huius
925 668 1176 700 Eulimaceorum
1215 668 1340 709 generis
1374 668 1464 709 copia
1497 668 1660 707 hucusque
1693 666 1842 698 innotuit.
1896 665 1977 697 Clar.
2009 665 2045 697 A.
2078 665 2198 698 Adams

355 724 521 757 duodecim
544 723 741 755 enumeravit
763 724 883 765 species
906 724 1093 766 Japonicas:

910 793 1192 824 Leiostraeam
1222 791 1473 832 turgidulam
1504 790 1540 821 A.
1571 790 1635 821 Ad.

507 835 701 867 Tsu-shima.

930 890 1212 922 Leiostracam
1241 890 1469 922 lanceatam
1500 888 1535 918 A.
1568 888 1632 919 Ad.

509 933 637 966 Fretum
661 932 847 964 Coreanum.

967 988 1249 1020 Leiostracam
1281 987 1420 1018 nixam
1450 986 1485 1017 A.
1518 987 1582 1018 Ad.

509 1031 724 1063 Mino-shima.

955 1086 1233 1118 Leiostracam
1268 1084 1433 1117 Leaehii
1463 1084 1499 1116 A.
1531 1084 1595 1115 Ad.

508 1129 725 1161 Mino-shima.

931 1185 1212 1216 Leiostracam
1242 1184 1447 1225 spiculam
1479 1183 1514 1214 A.
1547 1184 1612 1215 Ad.

508 1228 723 1260 Mino-shima.

932 1283 1213 1315 Leiostracam
1242 1282 1447 1323 paxillum
1478 1282 1514 1313 A.
1546 1281 1611 1312 Ad.

510 1326 724 1358 Mino-shima.

969 1382 1255 1414 Leiostracam
1285 1391 1422 1421 puram
1455 1380 1488 1411 A.
1520 1380 1582 1411 Ad.

510 1425 706 1464 Tsu-shima‚
729 1425 946 1458 Mino-shima.

953 1481 1235 1511 Leiostraeam
1266 1479 1426 1509 niveam
1460 1479 1495 1509 A.
1528 1478 1591 1509 Ad.

511 1524 705 1556 Tsu-shima.

960 1579 1241 1610 Leiostraeam
1272 1577 1420 1609 claram
1452 1577 1488 1608 A.
1519 1576 1582 1608 Ad.

510 1621 727 1654 Mino-shima.

938 1676 1217 1708 Leiostracam
1245 1675 1445 1707 labiatam
1474 1675 1510 1706 A.
1544 1675 1604 1706 Ad.

510 1720 726 1752 Mino-shima.

510 1819 531 1851 S
563 1819 573 1850 l
930 1775 1208 1806 Leiostracam
1239 1773 1461 1805 clavellam
1492 1773 1528 1804 A.
1561 1773 1626 1804 Ad.

534 1829 603 1850 a‹o.

948 1872 1231 1904 Leiosssracam
1263 1871 1441 1903 nitidam
1472 1872 1508 1902 A.
1541 1870 1606 1902 Ad.

514 1942 649 1974 Okosiri.

561 1997 645 2030 (Conf.
665 1998 732 2023 Ann.
752 1996 804 2022 and
823 1997 894 2029 Mag.
914 1998 963 2022 etc.
984 2004 1016 2022 111.
1037 1995 1113 2022 Febr.
1136 1995 1207 2021 1861.
1227 2003 1289 2029 pag.
1310 1995 1378 2029 128.)

510 2053 568 2084 His
591 2053 704 2094 adjicio
739 2053 860 2094 speeies
893 2053 1062 2084 nonnullas
1096 2052 1306 2084 Adamsianas
1341 2052 1492 2090 nondum,
1523 2053 1678 2093 quantum
1701 2051 1776 2090 scio,
1806 2051 1990 2092 descriptas,
2015 2062 2096 2092 quae
2119 2051 2202 2084 inter

356 2109 509 2141 Mollusca
531 2109 686 2151 Japoniea
708 2108 808 2140 Musei
832 2108 1123 2149 Senekenbergiani
1146 2110 1284 2139 exstant.
1330 2108 1414 2140 Sunt
1436 2108 1549 2139 haece:

865 2194 1103 2225 Leiostraca
1133 2193 1304 2225 tantilla
1332 2193 1367 2224 A,
1398 2193 1462 2224 Ad.
1492 2193 1532 2224 in
1562 2192 1690 2224 sched.

512 2258 609 2291 Testa
632 2259 764 2299 parvula
787 2258 937 2289 subulata
959 2258 1034 2289 alba
1058 2257 1255 2289 anfractibus
1278 2257 1364 2288 senis
1387 2257 1436 2289 vel
1459 2258 1599 2298 septenis
1632 2257 1894 2298 plano-convexis
1917 2257 2028 2288 sutura
2050 2256 2202 2287 distincta

361 2314 517 2355 sejunctis
543 2314 710 2352 instructa,
734 2314 846 2345 ultimo
874 2324 1006 2354 magn03
1029 2316 1178 2355 apertura
1194 2316 1297 2351 ovata,
1322 2314 1426 2345 antice
1448 2313 1613 2354 paululum
1635 2313 1743 2344 effusa.
1767 2330 1809 2334 —
1831 2311 1894 2343 Alt.
1919 2311 1980 2351 2,5,
2004 2311 2059 2343 lat.
2086 2313 2101 2342 1
2126 2312 2201 2343 mill.

883 2391 1120 2422 Leiostraea
1150 2390 1285 2431 lepida
1313 2390 1349 2421 A.
1381 2390 1443 2421 Ad.
1472 2390 1510 2421 in
1541 2389 1666 2421 sched.

515 2455 612 2487 Testa
634 2455 785 2487 subulata
807 2457 954 2496 angusta,
978 2455 1061 2494 alba,
1085 2455 1195 2494 nitida,
1219 2455 1417 2486 anfractibus
1432 2454 1572 2495 septenis
1588 2454 1637 2485 vel
1653 2454 1778 2486 octonis
1802 2454 1953 2486 convexis
1975 2456 2087 2486 sutura
2103 2453 2210 2487 incisa.

360 2511 472 2543 divisis
507 2511 677 2550 instructa,
699 2511 812 2543 ultimo
844 2522 960 2552 magno
983 2511 1023 2542 ad
1046 2511 1138 2542 basin
1170 2511 1356 2549 rotundato3
1390 2512 1538 2552 apertura
1560 2509 1811 2550 ovato—oblonga
1838 2509 1943 2541 antiee
1965 2509 2137 2541 subeffusa.
2160 2526 2203 2531 -

361 2568 423 2599 Alt.
448 2567 510 2606 32,
534 2568 588 2599 lat.
613 2567 667 2598 vix
693 2568 707 2597 l
732 2567 808 2598 mill.

513 2685 538 2718 ‘)
556 2685 615 2712 Non
635 2685 824 2712 commutanda
843 2693 900 2711 cum
919 2685 1072 2711 Leiostraeo
1092 2684 1150 2711 Alb.
1170 2685 1287 2711 sectione
1306 2684 1414 2711 Bulimi.
