2317 3387
1189 291 1424 324 —128—

1032 375 1166 409 Turbo
1194 382 1468 410 mar-moratus
1494 377 1578 409 Lin.

583 443 655 475 syst.
673 441 738 468 Nat.
758 441 799 468 ed.
821 442 859 468 10.
883 450 943 476 pag.
968 442 1026 468 763.
1062 442 1191 469 chemn.
1219 443 1318 470 Conch.
1346 443 1410 470 Cab.
1439 445 1489 471 vol.
1514 445 1536 471 5.
1566 445 1611 478 fig.
1642 444 1714 470 1775.
1736 443 1809 470 1776,
1838 443 1940 469 Testa
1966 443 2095 470 adulta.
2125 443 2232 470 Turbo

634 484 789 510 olearius
807 484 875 511 Lin.
895 485 968 518 Syst.
985 485 1051 511 Nat.
1070 484 1111 511 ed.
1131 485 1170 512 10.
1190 494 1251 519 pag.
1271 486 1328 512 763.
1366 485 1418 513 cfr.
1439 486 1580 512 Lischke
1598 486 1659 520 Jap.
1678 486 1713 511 M.
1732 485 1828 512 Conch.
1847 486 1898 512 vol.
1919 487 1942 513 1.
1960 493 2022 520 pag.
2040 486 2081 514 86.

529 545 644 577 Testae
677 547 807 577 tantum
838 545 995 586 juveniles
1033 546 1117 577 inter
1154 546 1309 578 Mollusca
1347 549 1458 578 nostra
1494 546 1650 586 Japoniea
1689 549 1827 578 exstant.
1873 546 2056 587 Specimina
2094 547 2232 578 maxima

377 601 554 642 ponderosa
577 600 780 641 integerrima
805 611 875 632 cum
899 601 1058 641 operculis
1088 603 1155 633 suis
1178 602 1210 632 in
1234 601 1420 634 collectione
1448 601 1674 633 Molluscorum
1703 604 1813 633 nostra
1843 605 2048 633 asservantur
2070 612 2086 632 e
2110 601 2232 642 Philip-

376 657 460 698 pinis
482 656 596 687 insulis
619 657 789 696 reportata.

1025 740 1157 772 Turbo
1187 741 1416 772 variabilis
1446 741 1583 773 Reeve.

583 806 680 832 Conch.
700 807 766 832 icon.
785 806 836 832 vol.
854 806 877 832 4.
897 806 942 837 fig.
963 807 985 832 8.
1005 807 1064 832 icon
1084 807 1195 840 optima.

532 867 639 899 Unum
663 867 822 907 specimen
849 868 955 898 exstat
979 867 1062 898 inter
1084 866 1238 899 Mollusca
1262 870 1373 899 nostra
1395 867 1561 908 Japoniea,
1585 867 1670 906 quod
1693 867 1895 898 latitudinem
1926 867 1969 898 60
1990 867 2066 899 mill.
2090 867 2232 908 attingit.

531 923 618 953 Haec
641 921 771 954 cochlea
794 921 1007 962 pulcherrima
1031 922 1132 953 forma
1156 923 1283 962 quidem
1313 924 1474 960 constans,
1506 922 1561 953 sed
1591 923 1714 962 pictura
1745 922 1911 954 mutabilis
1941 925 1998 954 est.
2044 922 2234 963 Plerumque

373 989 413 1009 ex
438 977 549 1009 insulis
573 977 765 1017 Philippinis
788 976 928 1008 affertur.

531 1032 670 1064 Cochlea
695 1034 806 1063 nostra
829 1034 860 1063 et
884 1031 991 1063 Turbo
1014 1032 1199 1072 petholatus
1222 1031 1365 1068 Linnaei.
1391 1032 1447 1072 qui
1469 1032 1576 1063 affinis
1600 1034 1657 1070 est,
1682 1034 1766 1064 testa
1789 1032 1912 1064 nitente
1936 1032 2116 1064 laevissima
2139 1033 2231 1072 quasi

374 1089 472 1128 polita
497 1090 527 1119 et
551 1087 745 1129 epidermide
768 1097 868 1127 paene
891 1089 1021 1118 carente
1045 1089 1208 1123 notantur,
1234 1087 1297 1118 imo
1321 1090 1410 1118 statu
1434 1087 1646 1126 integerrimo.

1072 1195 1197 1229 Genus
1220 1195 1379 1230 Lunella
1401 1195 1547 1230 Bolten.

747 1264 921 1296 Lunella
951 1265 1178 1305 granulata
1209 1264 1378 1295 Gmelin.
1409 1259 1570 1303 (Turbo)
1602 1276 1680 1296 var.
1714 1265 1852 1296 minor.

579 1332 708 1359 Chemn.
726 1331 822 1358 Conch.
843 1330 907 1357 Cab.
926 1331 978 1357 vol.
997 1331 1020 1357 5.
1037 1339 1099 1365 pag.
1119 1332 1176 1357 164.
1195 1330 1260 1357 Tab.
1282 1331 1338 1358 176.
1358 1331 1424 1364 figg.
1445 1332 1621 1358 1744—1746.
1659 1331 1774 1357 Cochlea
1793 1331 1894 1357 lunaris
1918 1331 2064 1365 perforata,
2083 1331 2231 1365 granulata

630 1376 658 1400 et
676 1373 823 1400 tuberculis
842 1375 978 1400 coronata.
1017 1373 1122 1400 Turbo
1141 1374 1342 1407 granulosus
1371 1374 1461 1400 Kien.
1489 1373 1641 1407 Iconogr.
1667 1373 1779 1400 Turbo
1809 1373 1970 1407 lugubris
1994 1374 2115 1400 Reevei
2143 1374 2232 1400 conch

630 1417 696 1442 icon.
715 1416 766 1442 vol.
785 1416 808 1442 4.
829 1424 900 1450 spec.
915 1415 956 1441 63.

527 1477 656 1518 Species
680 1477 851 1508 admodum
874 1476 1038 1508 variabilis
1061 1488 1133 1508 cum
1158 1477 1250 1508 testis
1274 1477 1425 1507 Lunellae
1455 1476 1626 1516 (Coronae)
1659 1477 1799 1508 reclusae
1830 1476 2022 1508 Chemnitzii
2050 1475 2231 1516 junioribus

371 1532 463 1564 facile
487 1533 639 1564 confundi
662 1535 778 1573 potest⁷
803 1533 888 1572 quod
912 1533 989 1563 mihi
1014 1533 1088 1563 olim
1113 1532 1240 1562 accidit.
1286 1532 1449 1562 Interdum
1479 1534 1582 1563 testae
1614 1531 1721 1563 fasciis
1752 1531 2117 1568 atro-viridescentibus‚
2148 1531 2230 1562 albis

371 1588 420 1619 vel
450 1588 554 1619 rubris
585 1589 708 1619 cinctae
738 1588 961 1626 inveniuntur3
991 1587 1166 1628 specimina
1197 1597 1324 1627 quoque
1356 1589 1485 1617 exstant
1517 1598 1572 1627 per
1594 1589 1696 1618 totam
1721 1586 1918 1627 superficiem
1943 1597 2091 1626 granosa,
2122 1586 2232 1618 tuber—

371 1644 514 1675 culorum
549 1643 692 1674 seriebus
728 1654 825 1683 paene
858 1643 1008 1674 carentia.
1044 1643 1099 1673 sed
1133 1642 1241 1673 onmia.
1275 1642 1397 1681 apicem
1434 1641 1608 1673 ostendunt
1640 1642 1832 1679 aurantium,
1864 1643 1889 1673 si
1915 1642 2043 1682 quidem
2073 1644 2158 1673 testa
2181 1644 2230 1673 est

372 1699 496 1730 detrita.
544 1698 734 1739 Operculum
770 1698 860 1729 valde
895 1708 1074 1729 convexum
1109 1697 1344 1737 subgranosum
1382 1697 1622 1728 cinereo-viride
1654 1700 1685 1728 et
1709 1697 1885 1734 albescens,
1920 1697 1953 1728 in
1982 1696 2081 1728 latere
2104 1697 2230 1729 interno

371 1753 574 1785 subconcavo
598 1754 681 1784 linea
706 1754 802 1784 dense
827 1753 970 1784 involuta
994 1753 1168 1792 signatum.
1214 1751 1392 1792 Epidermis
1415 1763 1486 1783 raro
1510 1752 1707 1790 observatur,
1734 1763 1806 1783 nam
1830 1752 1922 1783 facile
1945 1752 2090 1784 dehiscit.

527 1808 609 1840 Clar.
644 1809 763 1840 Morch.
799 1808 914 1846 (Catal.
951 1807 1045 1839 Yoldi
1081 1818 1152 1847 pag.
1190 1807 1263 1844 161)
1298 1807 1381 1838 lianc
1413 1807 1549 1847 speciem
1583 1807 1757 1838 Tur-hinem
1791 1807 1984 1846 (Lunellam)
2021 1807 2229 1848 granulatum

371 1864 561 1895 Chemnitzii
579 1865 767 1901 nominavit,
785 1864 839 1895 sed
858 1863 972 1894 nullibi
990 1863 1181 1894 vocabulum
1202 1862 1427 1902 „grauidam-3⁴⁴
1448 1862 1510 1896 nisi
1525 1863 1608 1893 inter
1625 1862 1722 1894 verba
1738 1873 1834 1903 supra
1851 1863 1951 1893 citata
1967 1863 2110 1894 invenire
2126 1863 2226 1903 potui.

525 1918 631 1950 Turbo
667 1919 812 1959 lugubris
846 1919 961 1949 Reevei
997 1918 1185 1948 varietatem
1219 1919 1362 1947 nostram
1395 1917 1549 1948 minorem
1580 1918 1614 1948 in
1645 1918 1725 1948 mari
1747 1917 1903 1958 Japonico
1937 1917 2229 1957 frequentissimam

370 1975 490 2016 optime
514 1974 617 2005 refert.
665 1974 771 2005 Turbo
796 1973 963 2005 Coreensis
992 1972 1110 2004 Recluz
1143 1972 1266 2012 (Journ.
1300 1972 1337 2002 de
1368 1971 1486 2003 Conch.
1521 1972 1699 2013 1853 pag.
1724 1972 1797 2004 245.
1823 1971 1900 2003 Tab.
1925 1972 1954 2003 8.
1979 1973 2030 2013 fig.
2055 1972 2087 2010 2)
2111 1973 2228 2013 pariter

369 2030 410 2061 ad
434 2030 606 2061 varietates
629 2030 776 2070 pertinet.

1075 2124 1201 2157 Genus
1225 2122 1395 2157 Collonia
1419 2124 1533 2166 Gray.

913 2200 1109 2232 Collonia-
1139 2201 1376 2240 sanguinea
1405 2200 1487 2231 Lin.
1520 2199 1690 2240 (Turbo).

578 2270 603 2296 S.
623 2269 716 2295 N.e<1.
737 2269 776 2294 10.
795 2277 856 2302 pag.
876 2268 933 2294 763.
953 2267 993 2294 ed.
1015 2267 1053 2293 12.
1074 2275 1135 2300 pag.
1159 2266 1232 2292 1235).
1270 2267 1351 2292 l'hil.
1385 2267 1481 2293 Conch.
1511 2266 1575 2293 Cab.
1601 2266 1641 2292 ed.
1665 2267 1689 2293 2.
1715 2267 1804 2293 Turbo
1832 2275 1893 2301 pag.
1919 2267 1961 2294 48.
1988 2267 2054 2293 Tnb.
2082 2266 2120 2293 12.
2140 2266 2185 2300 fig.
2205 2266 2229 2292 3.

628 2311 726 2337 Jeffr.
747 2311 834 2336 Korea
853 2310 941 2336 Shells
960 2309 1036 2335 Linn.
1063 2310 1120 2335 Soc.
1139 2308 1233 2335 Journ.
1252 2309 1321 2335 Zool.
1342 2309 1393 2335 vol.
1416 2311 1454 2336 14.
1473 2317 1535 2343 pag.
1554 2309 1614 2336 423.
1649 2309 1741 2336 Journ.
1762 2309 1793 2336 de
1813 2309 1910 2336 Conch.
1932 2310 2004 2336 1879.
2024 2317 2085 2344 pag.
2106 2309 2163 2336 284.

525 2371 696 2404 Cochleola
715 2372 781 2412 jam
805 2371 900 2411 longo
925 2383 964 2402 ex
988 2373 1130 2410 tempore
1154 2381 1170 2401 e
1196 2371 1275 2401 mari
1298 2369 1529 2401 mediterraneo
1553 2372 1639 2401 nota.

1065 2455 1257 2486 Collonia
1289 2456 1413 2487 rubra
1443 2455 1534 2486 Dkr.

963 2521 1027 2548 Tab.
1049 2525 1140 2547 nostra
1161 2522 1199 2548 12.
1219 2522 1264 2555 fig.
1284 2523 1306 2548 7.
1326 2524 1350 2548 8.
1370 2523 1414 2555 fig.
1434 2523 1458 2549 9.
1479 2529 1567 2554 magn.
1588 2526 1675 2547 aucta.

525 2584 619 2615 Testa
645 2594 742 2624 parva
765 2583 876 2620 solida,
900 2582 1043 2622 globosa,
1068 2582 1267 2614 anfractibus
1291 2583 1416 2623 4-47,
1442 2582 1635 2619 rotundatis,
1656 2582 1788 2613 costulis
1804 2581 1996 2612 transversis
2019 2580 2227 2620 subgranosis

371 2640 545 2671 instructa:
570 2641 681 2670 sutura
698 2638 881 2679 perspicua;
905 2640 1055 2678 apertura
1076 2638 1225 2675 rotunda,
1252 2638 1339 2668 intus
1362 2637 1532 2678 splendens
1549 2639 1580 2668 et
1597 2637 1845 2676 margaritacea;
1862 2635 1987 2667 labrum
2004 2635 2225 2667 incrassatum.

373 2694 473 2725 Diam.
498 2693 635 2734 6—67„
660 2693 714 2725 alt.
741 2693 794 2724 vix
817 2694 837 2723 ὅ
860 2692 935 2723 mill.
