<?xml version="1.0" encoding="UTF-8"?>
<!DOCTYPE html PUBLIC "-//W3C//DTD XHTML 1.0 Transitional//EN"
    "http://www.w3.org/TR/xhtml1/DTD/xhtml1-transitional.dtd">
<html xmlns="http://www.w3.org/1999/xhtml" xml:lang="en" lang="en">
 <head>
  <title>
</title>
<meta http-equiv="Content-Type" content="text/html;charset=utf-8" />
  <meta name='ocr-system' content='tesseract 3.04.00' />
  <meta name='ocr-capabilities' content='ocr_page ocr_carea ocr_par ocr_line ocrx_word'/>
</head>
<body>
  <div class='ocr_page' id='page_1' title='image "./indexmolluscorum00dunk_0147.png"; bbox 0 0 2379 3382; ppageno 0'>
   <div class='ocr_carea' id='block_1_1' title="bbox 899 266 1136 298">
    <p class='ocr_par' dir='ltr' id='par_1_1' title="bbox 899 266 1136 298">
     <span class='ocr_line' id='line_1_1' title="bbox 899 266 1136 298; baseline 0.004 -1"><span class='ocrx_word' id='word_1_1' title='bbox 899 266 1136 298; x_wconf 82' lang='lat'><strong>—133—</strong></span> 
     </span>
    </p>
   </div>
   <div class='ocr_carea' id='block_1_2' title="bbox 684 349 1347 386">
    <p class='ocr_par' dir='ltr' id='par_1_2' title="bbox 684 349 1347 386">
     <span class='ocr_line' id='line_1_2' title="bbox 684 349 1347 386; baseline -0.005 0"><span class='ocrx_word' id='word_1_2' title='bbox 684 352 809 386; x_wconf 85' lang='lat' dir='ltr'><strong>Genus</strong></span> <span class='ocrx_word' id='word_1_3' title='bbox 832 350 1021 384; x_wconf 83' lang='lat' dir='ltr'><strong>Adeorbis</strong></span> <span class='ocrx_word' id='word_1_4' title='bbox 1044 349 1194 384; x_wconf 71' lang='lat' dir='ltr'><strong>Sem-les</strong></span> <span class='ocrx_word' id='word_1_5' title='bbox 1217 350 1347 384; x_wconf 87' lang='lat' dir='ltr'>Wood.</span> 
     </span>
    </p>
   </div>
   <div class='ocr_carea' id='block_1_3' title="bbox 291 427 1693 530">
    <p class='ocr_par' dir='ltr' id='par_1_3' title="bbox 291 427 1693 530">
     <span class='ocr_line' id='line_1_3' title="bbox 502 427 1518 469; baseline 0 -8"><span class='ocrx_word' id='word_1_6' title='bbox 502 429 710 461; x_wconf 85' lang='lat' dir='ltr'><strong>Adeorbis</strong></span> <span class='ocrx_word' id='word_1_7' title='bbox 741 429 896 469; x_wconf 85' lang='lat' dir='ltr'><strong>planus</strong></span> <span class='ocrx_word' id='word_1_8' title='bbox 925 428 960 458; x_wconf 90' lang='lat' dir='ltr'>A.</span> <span class='ocrx_word' id='word_1_9' title='bbox 992 428 1141 459; x_wconf 80' lang='lat' dir='ltr'>Adams</span> <span class='ocrx_word' id='word_1_10' title='bbox 1172 427 1518 468; x_wconf 75' lang='lat' dir='ltr'>(Cyclostrema*).</span> 
     </span>
     <span class='ocr_line' id='line_1_4' title="bbox 291 494 1693 530; baseline 0.001 -8"><span class='ocrx_word' id='word_1_11' title='bbox 291 496 368 522; x_wconf 87' lang='lat' dir='ltr'>Proc.</span> <span class='ocrx_word' id='word_1_12' title='bbox 389 496 458 523; x_wconf 74' lang='lat' dir='ltr'>Zool.</span> <span class='ocrx_word' id='word_1_13' title='bbox 479 495 536 522; x_wconf 88' lang='lat' dir='ltr'>Soc.</span> <span class='ocrx_word' id='word_1_14' title='bbox 558 496 631 522; x_wconf 77' lang='lat'>1850.</span> <span class='ocrx_word' id='word_1_15' title='bbox 651 503 714 530; x_wconf 86' lang='lat' dir='ltr'>pag.</span> <span class='ocrx_word' id='word_1_16' title='bbox 733 495 774 522; x_wconf 79' lang='lat'>43.</span> <span class='ocrx_word' id='word_1_17' title='bbox 813 496 892 521; x_wconf 83' lang='lat' dir='ltr'>Sow.</span> <span class='ocrx_word' id='word_1_18' title='bbox 912 495 989 521; x_wconf 78' lang='lat' dir='ltr'>Thes.</span> <span class='ocrx_word' id='word_1_19' title='bbox 1011 494 1108 520; x_wconf 77' lang='lat' dir='ltr'>Conch.</span> <span class='ocrx_word' id='word_1_20' title='bbox 1128 494 1179 520; x_wconf 84' lang='lat' dir='ltr'>vol.</span> <span class='ocrx_word' id='word_1_21' title='bbox 1199 495 1222 521; x_wconf 86' lang='lat'>3.</span> <span class='ocrx_word' id='word_1_22' title='bbox 1242 503 1304 529; x_wconf 79' lang='lat' dir='ltr'>pag.</span> <span class='ocrx_word' id='word_1_23' title='bbox 1324 495 1382 521; x_wconf 79' lang='lat'>255.</span> <span class='ocrx_word' id='word_1_24' title='bbox 1401 495 1465 522; x_wconf 83' lang='lat' dir='ltr'>Tab.</span> <span class='ocrx_word' id='word_1_25' title='bbox 1485 495 1543 523; x_wconf 82' lang='lat'>256.</span> <span class='ocrx_word' id='word_1_26' title='bbox 1563 497 1607 530; x_wconf 81' lang='lat' dir='ltr'>fig.</span> <span class='ocrx_word' id='word_1_27' title='bbox 1627 497 1651 523; x_wconf 89' lang='lat'>3.</span> <span class='ocrx_word' id='word_1_28' title='bbox 1671 497 1693 523; x_wconf 81' lang='lat'>4.</span> 
     </span>
    </p>
   </div>
   <div class='ocr_carea' id='block_1_4' title="bbox 81 556 1950 931">
    <p class='ocr_par' dir='ltr' id='par_1_4' title="bbox 238 556 805 598">
     <span class='ocr_line' id='line_1_5' title="bbox 238 556 805 598; baseline -0.004 -10"><span class='ocrx_word' id='word_1_29' title='bbox 238 556 312 588; x_wconf 86' lang='lat' dir='ltr'><strong>Tria</strong></span> <span class='ocrx_word' id='word_1_30' title='bbox 335 557 510 598; x_wconf 78' lang='lat' dir='ltr'>specimina</span> <span class='ocrx_word' id='word_1_31' title='bbox 532 557 642 588; x_wconf 81' lang='lat' dir='ltr'><strong>illaesa</strong></span> <span class='ocrx_word' id='word_1_32' title='bbox 665 558 805 587; x_wconf 71' lang='lat' dir='ltr'>exstant.</span> 
     </span>
    </p>

    <p class='ocr_par' dir='ltr' id='par_1_5' title="bbox 81 605 1949 763">
     <span class='ocr_line' id='line_1_6' title="bbox 236 605 1949 656; baseline 0.002 -13"><span class='ocrx_word' id='word_1_33' title='bbox 236 611 333 643; x_wconf 78' lang='lat' dir='ltr'><strong>Testa</strong></span> <span class='ocrx_word' id='word_1_34' title='bbox 355 623 473 652; x_wconf 84' lang='lat' dir='ltr'><strong>magna</strong></span> <span class='ocrx_word' id='word_1_35' title='bbox 496 611 693 650; x_wconf 80' lang='lat' dir='ltr'><strong>orbicularis,</strong></span> <span class='ocrx_word' id='word_1_36' title='bbox 719 605 877 651; x_wconf 71' lang='lat' dir='ltr'>depressa⁷</span> <span class='ocrx_word' id='word_1_37' title='bbox 911 611 995 649; x_wconf 84' lang='lat' dir='ltr'><strong>alba,</strong></span> <span class='ocrx_word' id='word_1_38' title='bbox 1020 610 1252 651; x_wconf 79' lang='lat' dir='ltr'><strong>subpellueida‚</strong></span> <span class='ocrx_word' id='word_1_39' title='bbox 1277 611 1410 643; x_wconf 74' lang='lat' dir='ltr'><strong>costulis</strong></span> <span class='ocrx_word' id='word_1_40' title='bbox 1426 612 1577 644; x_wconf 81' lang='lat' dir='ltr'><strong>confertis</strong></span> <span class='ocrx_word' id='word_1_41' title='bbox 1593 614 1791 647; x_wconf 76' lang='lat' dir='ltr'><strong>tenuissimis</strong></span> <span class='ocrx_word' id='word_1_42' title='bbox 1806 615 1949 656; x_wconf 82' lang='lat' dir='ltr'><strong>undique</strong></span> 
     </span>
     <span class='ocr_line' id='line_1_7' title="bbox 81 666 1947 712; baseline 0.002 -13"><span class='ocrx_word' id='word_1_43' title='bbox 81 667 196 706; x_wconf 79' lang='lat' dir='ltr'><strong>cincta,</strong></span> <span class='ocrx_word' id='word_1_44' title='bbox 226 666 425 698; x_wconf 79' lang='lat' dir='ltr'><strong>anfractibus</strong></span> <span class='ocrx_word' id='word_1_45' title='bbox 456 667 666 708; x_wconf 81' lang='lat' dir='ltr'><strong>planiusculis</strong></span> <span class='ocrx_word' id='word_1_46' title='bbox 698 666 806 706; x_wconf 80' lang='lat' dir='ltr'><strong>quinis</strong></span> <span class='ocrx_word' id='word_1_47' title='bbox 841 666 950 698; x_wconf 78' lang='lat' dir='ltr'><strong>subito</strong></span> <span class='ocrx_word' id='word_1_48' title='bbox 984 666 1203 697; x_wconf 74' lang='lat' dir='ltr'><strong>crescentibus</strong></span> <span class='ocrx_word' id='word_1_49' title='bbox 1236 666 1408 707; x_wconf 70' lang='lat' dir='ltr'>instructa.;</span> <span class='ocrx_word' id='word_1_50' title='bbox 1441 679 1522 708; x_wconf 81' lang='lat' dir='ltr'><strong>apex</strong></span> <span class='ocrx_word' id='word_1_51' title='bbox 1553 669 1767 709; x_wconf 78' lang='lat' dir='ltr'><strong>prominulus;</strong></span> <span class='ocrx_word' id='word_1_52' title='bbox 1799 674 1947 712; x_wconf 77' lang='lat' dir='ltr'>apertura</span> 
     </span>
     <span class='ocr_line' id='line_1_8' title="bbox 84 721 1201 763; baseline -0.002 -9"><span class='ocrx_word' id='word_1_53' title='bbox 84 723 376 754; x_wconf 72' lang='lat' dir='ltr'>ovato-rotundato.</span> <span class='ocrx_word' id='word_1_54' title='bbox 398 722 603 763; x_wconf 80' lang='lat' dir='ltr'><strong>perobliqua3</strong></span> <span class='ocrx_word' id='word_1_55' title='bbox 627 721 800 753; x_wconf 86' lang='lat' dir='ltr'><strong>umbilicus</strong></span> <span class='ocrx_word' id='word_1_56' title='bbox 824 721 949 762; x_wconf 84' lang='lat' dir='ltr'><strong>amplus</strong></span> <span class='ocrx_word' id='word_1_57' title='bbox 973 721 1201 762; x_wconf 77' lang='lat' dir='ltr'><strong>perspectivus.</strong></span> 
     </span>
    </p>

    <p class='ocr_par' dir='ltr' id='par_1_6' title="bbox 82 777 1950 872">
     <span class='ocr_line' id='line_1_9' title="bbox 240 777 1950 822; baseline 0.003 -13"><span class='ocrx_word' id='word_1_58' title='bbox 240 777 416 809; x_wconf 81' lang='lat' dir='ltr'>Adamsius</span> <span class='ocrx_word' id='word_1_59' title='bbox 432 777 596 809; x_wconf 80' lang='lat' dir='ltr'><strong>anfractus</strong></span> <span class='ocrx_word' id='word_1_60' title='bbox 613 777 727 818; x_wconf 80' lang='lat' dir='ltr'><strong>planos</strong></span> <span class='ocrx_word' id='word_1_61' title='bbox 744 778 829 809; x_wconf 85' lang='lat' dir='ltr'><strong>infra</strong></span> <span class='ocrx_word' id='word_1_62' title='bbox 850 778 957 808; x_wconf 79' lang='lat' dir='ltr'><strong>laeves</strong></span> <span class='ocrx_word' id='word_1_63' title='bbox 980 777 1170 813; x_wconf 73' lang='lat' dir='ltr'>nominavit.</span> <span class='ocrx_word' id='word_1_64' title='bbox 1195 777 1251 808; x_wconf 83' lang='lat' dir='ltr'><strong>sed</strong></span> <span class='ocrx_word' id='word_1_65' title='bbox 1274 778 1451 818; x_wconf 79' lang='lat' dir='ltr'><strong>specimina</strong></span> <span class='ocrx_word' id='word_1_66' title='bbox 1474 782 1583 811; x_wconf 74' lang='lat' dir='ltr'><strong>nosira</strong></span> <span class='ocrx_word' id='word_1_67' title='bbox 1604 781 1746 822; x_wconf 82' lang='lat' dir='ltr'><strong>undique</strong></span> <span class='ocrx_word' id='word_1_68' title='bbox 1761 782 1950 814; x_wconf 73' lang='lat' dir='ltr'><strong>tenuissime</strong></span> 
     </span>
     <span class='ocr_line' id='line_1_10' title="bbox 82 833 1245 872; baseline -0.002 -8"><span class='ocrx_word' id='word_1_69' title='bbox 82 833 197 865; x_wconf 78' lang='lat' dir='ltr'><strong>striata</strong></span> <span class='ocrx_word' id='word_1_70' title='bbox 221 834 307 871; x_wconf 77' lang='lat' dir='ltr'><strong>sunt,</strong></span> <span class='ocrx_word' id='word_1_71' title='bbox 332 835 471 864; x_wconf 75' lang='lat' dir='ltr'><strong>ceterum</strong></span> <span class='ocrx_word' id='word_1_72' title='bbox 496 843 568 864; x_wconf 87' lang='lat' dir='ltr'><strong>cum</strong></span> <span class='ocrx_word' id='word_1_73' title='bbox 591 833 741 864; x_wconf 86' lang='lat' dir='ltr'><strong>iconibus</strong></span> <span class='ocrx_word' id='word_1_74' title='bbox 765 833 873 864; x_wconf 70' lang='lat' dir='ltr'><strong>citatis</strong></span> <span class='ocrx_word' id='word_1_75' title='bbox 897 833 1016 872; x_wconf 74' lang='lat' dir='ltr'><strong>optime</strong></span> <span class='ocrx_word' id='word_1_76' title='bbox 1040 833 1245 864; x_wconf 74' lang='lat' dir='ltr'><strong>conveniunt.</strong></span> 
     </span>
    </p>

    <p class='ocr_par' dir='ltr' id='par_1_7' title="bbox 241 887 1950 931">
     <span class='ocr_line' id='line_1_11' title="bbox 241 887 1950 931; baseline 0.003 -12"><span class='ocrx_word' id='word_1_77' title='bbox 241 888 328 919; x_wconf 86' lang='lat' dir='ltr'><strong>Haec</strong></span> <span class='ocrx_word' id='word_1_78' title='bbox 357 888 481 929; x_wconf 84' lang='lat' dir='ltr'><strong>species</strong></span> <span class='ocrx_word' id='word_1_79' title='bbox 512 888 637 919; x_wconf 84' lang='lat'>10—11</span> <span class='ocrx_word' id='word_1_80' title='bbox 671 887 748 919; x_wconf 82' lang='lat' dir='ltr'>mill.</span> <span class='ocrx_word' id='word_1_81' title='bbox 774 888 850 926; x_wconf 73' lang='lat' dir='ltr'><strong>laia,</strong></span> <span class='ocrx_word' id='word_1_82' title='bbox 879 888 929 919; x_wconf 81' lang='lat' dir='ltr'><strong>sui</strong></span> <span class='ocrx_word' id='word_1_83' title='bbox 953 888 1078 928; x_wconf 72' lang='lat' dir='ltr'><strong>generis</strong></span> <span class='ocrx_word' id='word_1_84' title='bbox 1101 888 1243 919; x_wconf 80' lang='lat' dir='ltr'><strong>maxima</strong></span> <span class='ocrx_word' id='word_1_85' title='bbox 1266 890 1324 926; x_wconf 71' lang='lat' dir='ltr'><strong>est,</strong></span> <span class='ocrx_word' id='word_1_86' title='bbox 1349 899 1460 920; x_wconf 84' lang='lat' dir='ltr'><strong>omnes</strong></span> <span class='ocrx_word' id='word_1_87' title='bbox 1483 889 1623 929; x_wconf 81' lang='lat' dir='ltr'><strong>reliquae</strong></span> <span class='ocrx_word' id='word_1_88' title='bbox 1646 900 1761 931; x_wconf 80' lang='lat' dir='ltr'><strong>parvae</strong></span> <span class='ocrx_word' id='word_1_89' title='bbox 1783 893 1832 924; x_wconf 89' lang='lat' dir='ltr'><strong>vel</strong></span> <span class='ocrx_word' id='word_1_90' title='bbox 1856 893 1950 924; x_wconf 88' lang='lat' dir='ltr'><strong>mini-</strong></span> 
     </span>
    </p>
   </div>
   <div class='ocr_carea' id='block_1_5' title="bbox 83 945 1896 1040">
    <p class='ocr_par' dir='ltr' id='par_1_8' title="bbox 83 945 1896 1040">
     <span class='ocr_line' id='line_1_12' title="bbox 83 945 261 975; baseline 0 0"><span class='ocrx_word' id='word_1_91' title='bbox 83 954 153 975; x_wconf 84' lang='lat' dir='ltr'><strong>mae</strong></span> <span class='ocrx_word' id='word_1_92' title='bbox 175 945 261 975; x_wconf 83' lang='lat' dir='ltr'>sunt.</span> 
     </span>
     <span class='ocr_line' id='line_1_13' title="bbox 234 997 1896 1040; baseline 0.003 -10"><span class='ocrx_word' id='word_1_93' title='bbox 234 998 403 1030; x_wconf 79' lang='lat' dir='ltr'><strong>Praeterea</strong></span> <span class='ocrx_word' id='word_1_94' title='bbox 425 998 458 1029; x_wconf 89' lang='lat' dir='ltr'><strong>in</strong></span> <span class='ocrx_word' id='word_1_95' title='bbox 483 997 636 1030; x_wconf 81' lang='lat' dir='ltr'><strong>Thesauri</strong></span> <span class='ocrx_word' id='word_1_96' title='bbox 660 997 779 1030; x_wconf 89' lang='lat' dir='ltr'>Conch.</span> <span class='ocrx_word' id='word_1_97' title='bbox 804 998 864 1030; x_wconf 89' lang='lat' dir='ltr'>vol.</span> <span class='ocrx_word' id='word_1_98' title='bbox 889 997 919 1029; x_wconf 87' lang='lat'>3.</span> <span class='ocrx_word' id='word_1_99' title='bbox 942 1009 961 1029; x_wconf 86' lang='lat' dir='ltr'>a</span> <span class='ocrx_word' id='word_1_100' title='bbox 994 998 1067 1029; x_wconf 82' lang='lat' dir='ltr'>clar.</span> <span class='ocrx_word' id='word_1_101' title='bbox 1095 998 1212 1030; x_wconf 83' lang='lat' dir='ltr'>Adams</span> <span class='ocrx_word' id='word_1_102' title='bbox 1236 998 1296 1030; x_wconf 82' lang='lat' dir='ltr'><strong>hae</strong></span> <span class='ocrx_word' id='word_1_103' title='bbox 1320 999 1441 1039; x_wconf 82' lang='lat' dir='ltr'><strong>species</strong></span> <span class='ocrx_word' id='word_1_104' title='bbox 1463 999 1638 1040; x_wconf 77' lang='lat' dir='ltr'><strong>Japonicae</strong></span> <span class='ocrx_word' id='word_1_105' title='bbox 1661 1006 1896 1035; x_wconf 77' lang='lat' dir='ltr'><strong>enumerantur.</strong></span> 
     </span>
    </p>
   </div>
   <div class='ocr_carea' id='block_1_6' title="bbox 231 1082 1348 2278">
    <p class='ocr_par' dir='ltr' id='par_1_9' title="bbox 231 1082 1348 2278">
     <span class='ocr_line' id='line_1_14' title="bbox 702 1082 1326 1114; baseline 0 -1"><span class='ocrx_word' id='word_1_106' title='bbox 702 1082 907 1114; x_wconf 81' lang='lat' dir='ltr'><strong>Adeorbis</strong></span> <span class='ocrx_word' id='word_1_107' title='bbox 939 1083 1159 1114; x_wconf 83' lang='lat' dir='ltr'><strong>trochulus</strong></span> <span class='ocrx_word' id='word_1_108' title='bbox 1191 1084 1227 1114; x_wconf 93' lang='lat' dir='ltr'>A.</span> <span class='ocrx_word' id='word_1_109' title='bbox 1262 1083 1326 1114; x_wconf 84' lang='lat' dir='ltr'>Ad.</span> 
     </span>
     <span class='ocr_line' id='line_1_15' title="bbox 288 1145 1214 1179; baseline -0.001 -7"><span class='ocrx_word' id='word_1_110' title='bbox 288 1146 366 1173; x_wconf 89' lang='lat' dir='ltr'>Sow.</span> <span class='ocrx_word' id='word_1_111' title='bbox 387 1146 464 1173; x_wconf 79' lang='lat' dir='ltr'>Thes.</span> <span class='ocrx_word' id='word_1_112' title='bbox 486 1145 585 1172; x_wconf 89' lang='lat' dir='ltr'>Conch.</span> <span class='ocrx_word' id='word_1_113' title='bbox 605 1145 655 1172; x_wconf 89' lang='lat' dir='ltr'>vol.</span> <span class='ocrx_word' id='word_1_114' title='bbox 677 1145 700 1172; x_wconf 84' lang='lat'>3.</span> <span class='ocrx_word' id='word_1_115' title='bbox 721 1153 782 1179; x_wconf 82' lang='lat' dir='ltr'>pag.</span> <span class='ocrx_word' id='word_1_116' title='bbox 803 1145 861 1172; x_wconf 57' lang='lat'>255.</span> <span class='ocrx_word' id='word_1_117' title='bbox 882 1145 948 1172; x_wconf 84' lang='lat' dir='ltr'>Tab.</span> <span class='ocrx_word' id='word_1_118' title='bbox 969 1145 1027 1172; x_wconf 80' lang='lat'>256.</span> <span class='ocrx_word' id='word_1_119' title='bbox 1046 1145 1091 1179; x_wconf 84' lang='lat' dir='ltr'>fig.</span> <span class='ocrx_word' id='word_1_120' title='bbox 1114 1145 1154 1172; x_wconf 86' lang='lat'>12.</span> <span class='ocrx_word' id='word_1_121' title='bbox 1175 1146 1214 1172; x_wconf 85' lang='lat'>13.</span> 
     </span>
     <span class='ocr_line' id='line_1_16' title="bbox 234 1201 328 1234; baseline -0.011 0"><span class='ocrx_word' id='word_1_122' title='bbox 234 1201 328 1234; x_wconf 74' lang='lat' dir='ltr'>Goto.</span> 
     </span>
     <span class='ocr_line' id='line_1_17' title="bbox 711 1256 1325 1299; baseline 0 -11"><span class='ocrx_word' id='word_1_123' title='bbox 711 1256 911 1288; x_wconf 83' lang='lat' dir='ltr'><strong>Adeorbis</strong></span> <span class='ocrx_word' id='word_1_124' title='bbox 940 1257 1158 1299; x_wconf 81' lang='lat' dir='ltr'><strong>depressus</strong></span> <span class='ocrx_word' id='word_1_125' title='bbox 1191 1258 1226 1289; x_wconf 96' lang='lat' dir='ltr'>A.</span> <span class='ocrx_word' id='word_1_126' title='bbox 1259 1257 1325 1289; x_wconf 93' lang='lat' dir='ltr'>Ad.</span> 
     </span>
     <span class='ocr_line' id='line_1_18' title="bbox 285 1319 697 1353; baseline 0 -8"><span class='ocrx_word' id='word_1_127' title='bbox 285 1319 350 1346; x_wconf 83' lang='lat' dir='ltr'><strong>ibid.</strong></span> <span class='ocrx_word' id='word_1_128' title='bbox 370 1327 432 1353; x_wconf 71' lang='lat' dir='ltr'>pag.</span> <span class='ocrx_word' id='word_1_129' title='bbox 452 1319 509 1346; x_wconf 82' lang='lat'>257.</span> <span class='ocrx_word' id='word_1_130' title='bbox 530 1319 575 1352; x_wconf 85' lang='lat' dir='ltr'>fig.</span> <span class='ocrx_word' id='word_1_131' title='bbox 597 1320 636 1346; x_wconf 84' lang='lat'>14.</span> <span class='ocrx_word' id='word_1_132' title='bbox 659 1320 697 1346; x_wconf 82' lang='grc'>15.</span> 
     </span>
     <span class='ocr_line' id='line_1_19' title="bbox 233 1375 450 1407; baseline 0 -1"><span class='ocrx_word' id='word_1_133' title='bbox 233 1375 450 1407; x_wconf 81' lang='lat' dir='ltr'>Mino-shima.</span> 
     </span>
     <span class='ocr_line' id='line_1_20' title="bbox 714 1431 1311 1463; baseline 0.002 -1"><span class='ocrx_word' id='word_1_134' title='bbox 714 1431 930 1463; x_wconf 83' lang='lat' dir='ltr'><strong>Adeorbis</strong></span> <span class='ocrx_word' id='word_1_135' title='bbox 961 1432 1145 1463; x_wconf 83' lang='lat' dir='ltr'><strong>orbellus</strong></span> <span class='ocrx_word' id='word_1_136' title='bbox 1176 1433 1212 1463; x_wconf 90' lang='lat' dir='ltr'>A.</span> <span class='ocrx_word' id='word_1_137' title='bbox 1247 1432 1311 1463; x_wconf 86' lang='lat' dir='ltr'>Ad.</span> 
     </span>
     <span class='ocr_line' id='line_1_21' title="bbox 286 1493 697 1528; baseline 0.002 -8"><span class='ocrx_word' id='word_1_138' title='bbox 286 1494 352 1520; x_wconf 84' lang='lat' dir='ltr'><strong>ibid.</strong></span> <span class='ocrx_word' id='word_1_139' title='bbox 371 1501 433 1528; x_wconf 79' lang='lat' dir='ltr'>pag.</span> <span class='ocrx_word' id='word_1_140' title='bbox 453 1493 510 1520; x_wconf 80' lang='lat'>256.</span> <span class='ocrx_word' id='word_1_141' title='bbox 531 1493 576 1527; x_wconf 85' lang='lat' dir='ltr'>fig.</span> <span class='ocrx_word' id='word_1_142' title='bbox 598 1494 636 1521; x_wconf 77' lang='lat'>16.</span> <span class='ocrx_word' id='word_1_143' title='bbox 660 1495 697 1521; x_wconf 81' lang='lat'>17.</span> 
     </span>
     <span class='ocr_line' id='line_1_22' title="bbox 232 1550 447 1582; baseline 0.005 -1"><span class='ocrx_word' id='word_1_144' title='bbox 232 1550 447 1582; x_wconf 83' lang='lat' dir='ltr'>Mino-shima.</span> 
     </span>
     <span class='ocr_line' id='line_1_23' title="bbox 705 1606 1310 1638; baseline 0 -1"><span class='ocrx_word' id='word_1_145' title='bbox 705 1606 906 1638; x_wconf 85' lang='lat' dir='ltr'><strong>Adeorbis</strong></span> <span class='ocrx_word' id='word_1_146' title='bbox 937 1606 1144 1638; x_wconf 77' lang='lat' dir='ltr'><strong>carinatas</strong></span> <span class='ocrx_word' id='word_1_147' title='bbox 1176 1608 1211 1637; x_wconf 96' lang='lat' dir='ltr'>A.</span> <span class='ocrx_word' id='word_1_148' title='bbox 1244 1606 1310 1637; x_wconf 87' lang='lat' dir='ltr'>Ad.</span> 
     </span>
     <span class='ocr_line' id='line_1_24' title="bbox 282 1667 702 1702; baseline 0.002 -8"><span class='ocrx_word' id='word_1_149' title='bbox 282 1667 346 1694; x_wconf 87' lang='lat' dir='ltr'>ibid.</span> <span class='ocrx_word' id='word_1_150' title='bbox 367 1676 432 1702; x_wconf 79' lang='lat' dir='ltr'>pag.</span> <span class='ocrx_word' id='word_1_151' title='bbox 455 1668 513 1695; x_wconf 78' lang='lat'>258.</span> <span class='ocrx_word' id='word_1_152' title='bbox 532 1669 579 1702; x_wconf 83' lang='lat' dir='ltr'>fig.</span> <span class='ocrx_word' id='word_1_153' title='bbox 601 1668 640 1695; x_wconf 84' lang='lat'>18.</span> <span class='ocrx_word' id='word_1_154' title='bbox 661 1669 702 1695; x_wconf 86' lang='lat'>19.</span> 
     </span>
     <span class='ocr_line' id='line_1_25' title="bbox 233 1723 418 1756; baseline -0.005 0"><span class='ocrx_word' id='word_1_155' title='bbox 233 1723 418 1756; x_wconf 80' lang='lat' dir='ltr'>Seto-Uchi.</span> 
     </span>
     <span class='ocr_line' id='line_1_26' title="bbox 691 1781 1326 1821; baseline 0.002 -9"><span class='ocrx_word' id='word_1_156' title='bbox 691 1781 894 1812; x_wconf 84' lang='lat' dir='ltr'><strong>Adeorbis</strong></span> <span class='ocrx_word' id='word_1_157' title='bbox 926 1781 1162 1821; x_wconf 76' lang='lat' dir='ltr'><strong>Japonicus</strong></span> <span class='ocrx_word' id='word_1_158' title='bbox 1194 1783 1229 1813; x_wconf 83' lang='lat' dir='ltr'>A.</span> <span class='ocrx_word' id='word_1_159' title='bbox 1264 1783 1326 1814; x_wconf 91' lang='lat' dir='ltr'>Ad.</span> 
     </span>
     <span class='ocr_line' id='line_1_27' title="bbox 284 1841 636 1876; baseline 0.003 -8"><span class='ocrx_word' id='word_1_160' title='bbox 284 1841 350 1868; x_wconf 86' lang='lat' dir='ltr'><strong>ibid.</strong></span> <span class='ocrx_word' id='word_1_161' title='bbox 370 1849 431 1876; x_wconf 84' lang='lat' dir='ltr'>pag.</span> <span class='ocrx_word' id='word_1_162' title='bbox 452 1842 510 1869; x_wconf 85' lang='lat'>256.</span> <span class='ocrx_word' id='word_1_163' title='bbox 528 1842 574 1876; x_wconf 84' lang='lat' dir='ltr'>fig.</span> <span class='ocrx_word' id='word_1_164' title='bbox 595 1843 636 1869; x_wconf 89' lang='lat'>20.</span> 
     </span>
     <span class='ocr_line' id='line_1_28' title="bbox 231 1898 324 1930; baseline 0 0"><span class='ocrx_word' id='word_1_165' title='bbox 231 1898 324 1930; x_wconf 75' lang='lat' dir='ltr'>Goto.</span> 
     </span>
     <span class='ocr_line' id='line_1_29' title="bbox 678 1955 1348 1997; baseline 0.001 -10"><span class='ocrx_word' id='word_1_166' title='bbox 678 1955 885 1987; x_wconf 83' lang='lat' dir='ltr'><strong>Adeorbis</strong></span> <span class='ocrx_word' id='word_1_167' title='bbox 916 1957 1176 1997; x_wconf 81' lang='lat' dir='ltr'><strong>prominulus</strong></span> <span class='ocrx_word' id='word_1_168' title='bbox 1210 1959 1246 1988; x_wconf 88' lang='lat' dir='ltr'>A.</span> <span class='ocrx_word' id='word_1_169' title='bbox 1280 1958 1348 1989; x_wconf 87' lang='lat' dir='ltr'>Ad.</span> 
     </span>
     <span class='ocr_line' id='line_1_30' title="bbox 287 2016 700 2050; baseline 0.002 -8"><span class='ocrx_word' id='word_1_170' title='bbox 287 2016 352 2042; x_wconf 87' lang='lat' dir='ltr'>ibid.</span> <span class='ocrx_word' id='word_1_171' title='bbox 373 2024 435 2050; x_wconf 85' lang='lat' dir='ltr'>pag.</span> <span class='ocrx_word' id='word_1_172' title='bbox 455 2016 513 2044; x_wconf 85' lang='lat'>257.</span> <span class='ocrx_word' id='word_1_173' title='bbox 533 2018 577 2050; x_wconf 81' lang='lat' dir='ltr'>fig.</span> <span class='ocrx_word' id='word_1_174' title='bbox 597 2018 638 2043; x_wconf 78' lang='lat'>23.</span> <span class='ocrx_word' id='word_1_175' title='bbox 658 2018 700 2044; x_wconf 73' lang='lat'>24.</span> 
     </span>
     <span class='ocr_line' id='line_1_31' title="bbox 232 2072 450 2104; baseline 0.005 -1"><span class='ocrx_word' id='word_1_176' title='bbox 232 2072 450 2104; x_wconf 87' lang='lat' dir='ltr'>Mino-shima.</span> 
     </span>
     <span class='ocr_line' id='line_1_32' title="bbox 726 2129 1294 2164; baseline 0.007 -4"><span class='ocrx_word' id='word_1_177' title='bbox 726 2129 936 2161; x_wconf 84' lang='lat' dir='ltr'><strong>Adeorbis</strong></span> <span class='ocrx_word' id='word_1_178' title='bbox 967 2131 1130 2163; x_wconf 84' lang='lat' dir='ltr'><strong>clausus</strong></span> <span class='ocrx_word' id='word_1_179' title='bbox 1163 2132 1199 2163; x_wconf 92' lang='lat' dir='ltr'>A.</span> <span class='ocrx_word' id='word_1_180' title='bbox 1230 2133 1294 2164; x_wconf 86' lang='lat' dir='ltr'>Ad.</span> 
     </span>
     <span class='ocr_line' id='line_1_33' title="bbox 287 2190 695 2225; baseline 0.005 -9"><span class='ocrx_word' id='word_1_181' title='bbox 287 2190 352 2217; x_wconf 84' lang='lat' dir='ltr'>ibid.</span> <span class='ocrx_word' id='word_1_182' title='bbox 372 2198 434 2225; x_wconf 81' lang='lat' dir='ltr'>pag.</span> <span class='ocrx_word' id='word_1_183' title='bbox 453 2191 511 2218; x_wconf 85' lang='lat'>256.</span> <span class='ocrx_word' id='word_1_184' title='bbox 530 2191 574 2225; x_wconf 83' lang='lat' dir='ltr'>fig.</span> <span class='ocrx_word' id='word_1_185' title='bbox 594 2191 635 2218; x_wconf 87' lang='lat'>25.</span> <span class='ocrx_word' id='word_1_186' title='bbox 655 2191 695 2218; x_wconf 87' lang='lat'>26.</span> 
     </span>
     <span class='ocr_line' id='line_1_34' title="bbox 233 2246 454 2278; baseline 0 0"><span class='ocrx_word' id='word_1_187' title='bbox 233 2246 454 2278; x_wconf 81' lang='lat' dir='ltr'>Tahu-shima.</span> 
     </span>
    </p>
   </div>
   <div class='ocr_carea' id='block_1_7' title="bbox 281 2304 1310 2390">
    <p class='ocr_par' dir='ltr' id='par_1_10' title="bbox 281 2304 1310 2390">
     <span class='ocr_line' id='line_1_35' title="bbox 710 2304 1310 2339; baseline 0.008 -5"><span class='ocrx_word' id='word_1_188' title='bbox 710 2304 903 2336; x_wconf 85' lang='lat' dir='ltr'><strong>Adeorbis</strong></span> <span class='ocrx_word' id='word_1_189' title='bbox 935 2306 1144 2338; x_wconf 74' lang='lat' dir='ltr'><strong>suturalis</strong></span> <span class='ocrx_word' id='word_1_190' title='bbox 1174 2307 1211 2338; x_wconf 92' lang='lat' dir='ltr'>A.</span> <span class='ocrx_word' id='word_1_191' title='bbox 1245 2308 1310 2339; x_wconf 81' lang='lat' dir='ltr'>Ad.</span> 
     </span>
     <span class='ocr_line' id='line_1_36' title="bbox 281 2356 696 2390; baseline 0 -7"><span class='ocrx_word' id='word_1_192' title='bbox 281 2356 345 2383; x_wconf 89' lang='lat' dir='ltr'>ibid.</span> <span class='ocrx_word' id='word_1_193' title='bbox 367 2364 428 2390; x_wconf 80' lang='lat' dir='ltr'>pag.</span> <span class='ocrx_word' id='word_1_194' title='bbox 448 2356 508 2383; x_wconf 75' lang='lat'>257.</span> <span class='ocrx_word' id='word_1_195' title='bbox 527 2356 573 2390; x_wconf 83' lang='lat' dir='ltr'>fig.</span> <span class='ocrx_word' id='word_1_196' title='bbox 593 2356 634 2383; x_wconf 91' lang='lat'>27.</span> <span class='ocrx_word' id='word_1_197' title='bbox 655 2357 696 2384; x_wconf 83' lang='lat'>28.</span> 
     </span>
    </p>
   </div>
   <div class='ocr_carea' id='block_1_8' title="bbox 229 2405 1344 2594">
    <p class='ocr_par' dir='ltr' id='par_1_11' title="bbox 229 2405 1344 2594">
     <span class='ocr_line' id='line_1_37' title="bbox 231 2405 425 2437; baseline -0.005 0"><span class='ocrx_word' id='word_1_198' title='bbox 231 2405 425 2437; x_wconf 80' lang='lat' dir='ltr'>Tsu-shima.</span> 
     </span>
     <span class='ocr_line' id='line_1_38' title="bbox 680 2461 1344 2495; baseline 0.005 -3"><span class='ocrx_word' id='word_1_199' title='bbox 680 2461 885 2493; x_wconf 79' lang='lat' dir='ltr'>Adeorbis</span> <span class='ocrx_word' id='word_1_200' title='bbox 917 2463 1179 2495; x_wconf 82' lang='lat' dir='ltr'><strong>corniculum</strong></span> <span class='ocrx_word' id='word_1_201' title='bbox 1210 2464 1246 2495; x_wconf 89' lang='lat' dir='ltr'>A.</span> <span class='ocrx_word' id='word_1_202' title='bbox 1279 2464 1344 2495; x_wconf 84' lang='lat' dir='ltr'>Ad.</span> 
     </span>
     <span class='ocr_line' id='line_1_39' title="bbox 283 2514 695 2548; baseline 0.005 -8"><span class='ocrx_word' id='word_1_203' title='bbox 283 2514 348 2541; x_wconf 90' lang='lat' dir='ltr'>ibid.</span> <span class='ocrx_word' id='word_1_204' title='bbox 368 2522 430 2548; x_wconf 79' lang='lat' dir='ltr'>pag.</span> <span class='ocrx_word' id='word_1_205' title='bbox 451 2514 509 2542; x_wconf 83' lang='lat'>257.</span> <span class='ocrx_word' id='word_1_206' title='bbox 528 2514 573 2548; x_wconf 80' lang='lat' dir='ltr'>fig.</span> <span class='ocrx_word' id='word_1_207' title='bbox 593 2514 634 2542; x_wconf 86' lang='lat'>29.</span> <span class='ocrx_word' id='word_1_208' title='bbox 654 2515 695 2542; x_wconf 81' lang='lat'>30.</span> 
     </span>
     <span class='ocr_line' id='line_1_40' title="bbox 229 2561 448 2594; baseline 0 0"><span class='ocrx_word' id='word_1_209' title='bbox 229 2561 448 2594; x_wconf 89' lang='lat' dir='ltr'>Mino-shima.</span> 
     </span>
    </p>
   </div>
   <div class='ocr_carea' id='block_1_9' title="bbox 230 2656 1691 2702">
    <p class='ocr_par' dir='ltr' id='par_1_12' title="bbox 230 2656 1691 2702">
     <span class='ocr_line' id='line_1_41' title="bbox 230 2656 1691 2702; baseline 0.004 -12"><span class='ocrx_word' id='word_1_210' title='bbox 230 2664 255 2698; x_wconf 83' lang='grc'>*)</span> <span class='ocrx_word' id='word_1_211' title='bbox 275 2664 372 2691; x_wconf 83' lang='lat' dir='ltr'><strong>Nescio</strong></span> <span class='ocrx_word' id='word_1_212' title='bbox 391 2672 444 2699; x_wconf 86' lang='lat' dir='ltr'><strong>qua</strong></span> <span class='ocrx_word' id='word_1_213' title='bbox 462 2663 494 2689; x_wconf 87' lang='lat' dir='ltr'><strong>de</strong></span> <span class='ocrx_word' id='word_1_214' title='bbox 514 2671 595 2690; x_wconf 84' lang='lat' dir='ltr'><strong>causa</strong></span> <span class='ocrx_word' id='word_1_215' title='bbox 614 2656 677 2691; x_wconf 25' lang='lat' dir='ltr'>clav..</span> <span class='ocrx_word' id='word_1_216' title='bbox 699 2664 800 2691; x_wconf 77' lang='lat' dir='ltr'>Adams</span> <span class='ocrx_word' id='word_1_217' title='bbox 819 2665 907 2691; x_wconf 83' lang='lat' dir='ltr'><strong>verbis</strong></span> <span class='ocrx_word' id='word_1_218' title='bbox 928 2664 1113 2699; x_wconf 76' lang='lat' dir='ltr'><strong>Cyclostrema</strong></span> <span class='ocrx_word' id='word_1_219' title='bbox 1133 2669 1160 2694; x_wconf 79' lang='lat' dir='ltr'><strong>et</strong></span> <span class='ocrx_word' id='word_1_220' title='bbox 1179 2667 1310 2694; x_wconf 72' lang='lat' dir='ltr'>Adeorbis</span> <span class='ocrx_word' id='word_1_221' title='bbox 1329 2676 1376 2702; x_wconf 90' lang='lat' dir='ltr'>pro</span> <span class='ocrx_word' id='word_1_222' title='bbox 1394 2668 1546 2695; x_wconf 83' lang='lat' dir='ltr'><strong>foemininis</strong></span> <span class='ocrx_word' id='word_1_223' title='bbox 1565 2677 1628 2696; x_wconf 82' lang='lat' dir='ltr'><strong>usus</strong></span> <span class='ocrx_word' id='word_1_224' title='bbox 1647 2670 1691 2696; x_wconf 76' lang='lat' dir='ltr'>sit.</span> 
     </span>
    </p>
   </div>
  </div>
 </body>
</html>
