2317 3387
1186 296 1224 300 -—
1270 280 1330 309 2363
1377 297 1411 301 ——

1124 397 1454 443 Pectunculacea.

1033 514 1155 548 Genus
1178 514 1426 548 Pectunculus
1450 513 1546 547 Lam.

881 599 1162 631 Pectunculus
1192 601 1493 632 albo-lineatus
1526 600 1708 631 Lischke.

584 664 644 698 Jup.
664 665 697 690 M.
721 665 815 692 (anch.
838 666 886 692 vol.
907 667 928 692 ’3..
949 675 1009 700 pag.
1033 668 1086 693 108.
1107 667 1170 694 Tan.
1190 668 1212 694 9.
1233 670 1275 699 lig.
1298 669 1334 693 11.
1358 668 1394 694 1⁶2.

533 724 696 765 specimen
720 729 824 757 exstat
842 731 875 758 ut
894 728 1015 758 videtur
1038 730 1115 759 satis
1135 729 1276 760 adultum
1294 730 1334 759 46
1353 729 1426 759 mill.
1452 729 1589 768 longum,
1613 728 1655 758 40
1680 728 1795 766 altum3
1820 731 1977 768 praeterea
2002 730 2102 759 testae
2127 739 2210 759 com-

381 780 484 820 plures
501 781 636 812 minores
653 781 750 812 lectae
767 786 839 813 sunt
858 794 894 813 ex
913 787 1001 823 parte
1024 784 1126 815 vivide
1150 784 1264 817 fust-ac.
1282 785 1312 815 iu
1331 784 1521 815 umbonibus
1544 783 1616 814 albo
1640 783 1815 814 maculatae
1832 783 1878 814 vel
1896 784 2055 823 strigatae.
2101 783 2209 824 Margo

381 836 515 867 cardinis
539 838 569 867 in
594 837 741 868 omnibus
764 838 953 871 rectilineus.
977 850 1071 879 quam
1095 839 1135 869 oh
1160 851 1222 870 rem
1247 851 1352 871 eorum
1378 839 1506 870 habitus
1530 839 1657 879 paulum
1682 839 1837 879 discrepat
1862 839 1902 870 ab
1925 839 2014 870 icone
2034 849 2128 879 supra
2144 839 2210 870 lau-

380 892 471 922 data:
495 893 525 923 in
552 893 712 924 nonnullis
735 894 935 934 epidermidis
959 895 1149 926 holosericae
1173 896 1305 933 vestigia
1330 895 1388 926 sub
1412 895 1494 925 vitro
1518 895 1765 934 conspiciuntur.

534 948 615 979 Hae(-
639 949 758 989 species
789 950 887 981 forma
918 950 1051 990 regulari
1084 962 1182 991 paene
1217 951 1419 991 aequilatera,
1445 951 1534 981 lineis
1557 950 1638 981 albis
1662 950 1861 981 radiantibus
1885 961 1940 981 nec
1964 962 2025 982 non
2049 952 2210 991 punctulis

381 1003 486 1034 infixis
509 1004 547 1034 nd
572 1004 684 1035 lineam
708 1005 862 1036 ordinatis
886 1006 1018 1046 insignis
1041 1009 1097 1037 est.

533 1059 616 1091 Inter
639 1060 757 1100 species
781 1061 868 1091 vivas
892 1061 977 1092 nulla
1000 1062 1076 1093 mihi
1101 1063 1131 1093 in
1156 1066 1290 1093 mentem
1316 1063 1410 1099 venit⁷
1434 1073 1515 1102 quae
1538 1063 1710 1103 comparari
1735 1063 1842 1103 possit.

961 1176 1238 1208 Pectunculus
1269 1177 1508 1218 fulgul-atus
1539 1178 1626 1209 Dkr.

1085 1244 1148 1271 Tab.
1169 1249 1259 1270 nostra
1280 1246 1318 1271 14.
1338 1246 1381 1278 lig.
1404 1246 1440 1272 18.
1463 1245 1502 1271 19.

532 1302 625 1335 Testa
651 1304 844 1344 aequilatera
867 1305 1123 1343 suborbicularis,
1158 1316 1271 1343 crassa,
1295 1305 1377 1342 alba,
1401 1306 1508 1346 strigis
1542 1306 1638 1337 fuscis
1669 1305 1829 1346 angulatis
1854 1309 1883 1337 et
1906 1305 2074 1346 fulguratis
2107 1305 2210 1337 vivide

380 1358 473 1398 picta,
496 1359 582 1390 striis
606 1361 789 1391 incrementi
813 1361 965 1393 obsoletis
988 1361 1108 1399 cincta;
1139 1361 1292 1392 umbones
1323 1361 1470 1392 tumiduli
1504 1362 1716 1402 approximati
1751 1361 1916 1400 subacuti;
1952 1361 2114 1402 ligameuti
2138 1372 2209 1393 area

380 1424 475 1454 parva
497 1418 649 1455 angusta:
673 1416 766 1447 cardo
791 1417 938 1448 (lentibus
969 1417 1081 1448 validis
1111 1417 1272 1448 munitus:
1306 1417 1389 1448 latus
1412 1418 1570 1448 internum
1595 1417 1700 1448 album
1725 1417 1897 1457 marginem
1923 1428 2029 1448 versus
2054 1417 2207 1457 posticum

379 1469 466 1501 fusco
488 1471 633 1502 tinctum.
658 1490 698 1494 —-
720 1472 818 1512 Long.
843 1473 883 1503 34
906 1473 980 1504 mill.
1004 1473 1102 1513 Long.
1127 1473 1179 1504 alt.
1205 1476 1234 1504 et
1258 1484 1351 1503 crass.
1377 1473 1457 1504 ratio
1482 1473 1618 1503 numeris
1644 1472 1713 1506 100.
1739 1473 1789 1510 95,
1813 1473 1854 1504 55
1879 1472 2054 1512 respondet.

532 1526 635 1558 Unum
659 1531 782 1559 tantum
807 1530 964 1569 specimen
987 1531 1092 1560 exstat
1116 1529 1277 1569 paululum
1303 1529 1451 1560 detritum
1475 1528 1664 1569 epidermide
1687 1529 1843 1562 orbatum.
1867 1528 1967 1559 oculis
1990 1529 2119 1559 armatis
2136 1527 2209 1558 hinc

380 1582 465 1613 illinc
488 1583 640 1623 strigillae
663 1583 823 1615 radiantes
846 1585 1091 1625 conspiciuntur.

532 1639 659 1671 Pictura
681 1640 795 1680 speciei
821 1643 944 1671 nostrae
978 1640 1206 1671 Pectunculum
1241 1640 1418 1671 flammeum
1442 1639 1556 1671 Reevei
1580 1636 1711 1679 (Conch.
1740 1639 1819 1671 icon.
1845 1650 1925 1680 spec.
1951 1638 1992 1677 7.)
2017 1640 2047 1670 in
2071 1643 2206 1670 mentem

379 1698 513 1730 rovocan
537 1696 591 1736 qui
615 1707 686 1727 vero
710 1699 792 1727 testa
816 1695 1001 1736 subtrigona
1026 1697 1124 1736 primo
1148 1696 1262 1727 obtutu
1287 1696 1398 1727 differt.

972 1808 1252 1840 Pectunculus
1282 1808 1484 1839 rotundus
1515 1808 1601 1839 Dkr.

1089 1875 1153 1902 Tab.
1173 1878 1264 1901 nostra
1286 1875 1323 1902 16.
1344 1875 1387 1907 fig.
1406 1876 1429 1900 9.
1451 1875 1489 1901 10.

531 1935 625 1967 Testa
641 1936 833 1976 aequilatera
849 1947 947 1977 paene
964 1937 1133 1974 circularis,
1156 1936 1325 1974 tenuicula,
1350 1937 1610 1977 plano-convexa,
1629 1938 1721 1967 extus
1737 1936 1852 1977 pallide
1868 1936 1965 1974 fusca,
1983 1937 2069 1967 intus
2085 1934 2208 1966 sordide

378 1992 449 2023 alba
473 1992 559 2024 striis
581 1991 780 2023 radiantibus
813 1991 944 2023 minutis
968 1995 999 2024 et
1022 1993 1170 2024 confertis
1193 1993 1326 2032 sculpta,
1359 1992 1549 2033 epidermide
1580 1991 1668 2023 fusca
1697 1992 1859 2033 subpilosa
1891 1992 2021 2030 vestita3
2056 1991 2208 2022 umbones

378 2049 461 2079 acuti
485 2048 712 2089 approximati;
736 2059 807 2079 area
830 2048 992 2088 ligamenti
1016 2059 1112 2089 parva
1135 2051 1166 2080 et
1188 2051 1341 2088 angustaj.
1373 2047 1603 2079 denticulorum
1635 2048 1730 2079 series
1762 2048 1852 2079 valde
1884 2051 2021 2079 curvata.
2046 2065 2086 2068 —
2110 2046 2207 2087 Long.

378 2103 418 2134 22
440 2103 515 2135 mill.
540 2103 638 2144 Long.
662 2103 715 2134 alt.
741 2107 770 2135 et
795 2115 888 2135 crass.
912 2105 992 2136 ratio
1016 2105 1153 2135 numeris
1179 2103 1247 2141 100,
1272 2103 1341 2140 100,
1366 2103 1490 2135 13-14
1513 2103 1689 2145 respondet.

531 2158 626 2191 Sinus
649 2159 821 2190 Jedo'ensis.

530 2214 658 2256 Species
679 2226 775 2256 parva
798 2215 919 2246 ambitu
943 2226 1043 2256 paene
1066 2218 1176 2246 exacte
1209 2215 1352 2247 circulari
1386 2215 1520 2256 insignis
1544 2217 1602 2252 est⁷
1626 2215 1679 2246 sed
1704 2215 1866 2255 quaeritur
1888 2225 1962 2246 num
1986 2214 2094 2245 valvae
2128 2223 2208 2254 quae

378 2273 522 2311 prostant
544 2271 687 2311 singulae
710 2271 801 2312 plane
824 2271 951 2302 adultae
973 2271 1046 2302 sint.

979 2382 1261 2414 Pectunculus
1292 2383 1476 2414 vestitus
1507 2381 1594 2413 Dkr.

1157 2450 1221 2476 rab.
1243 2450 1280 2476 16.
1301 2450 1344 2483 fig.
1365 2451 1387 2476 7.
1406 2450 1430 2476 8.

530 2510 625 2543 Testa
647 2514 824 2542 transversa
847 2521 945 2551 paene
967 2510 1162 2549 orbicularis,
1192 2521 1377 2552 compressa,
1407 2510 1579 2546 tenuicula,
1603 2510 1689 2542 striis
1712 2509 1911 2541 radiantibus
1934 2509 2073 2541 minimis
2096 2508 2207 2540 sulcis-

378 2577 437 2607 que
454 2566 576 2599 levibus
598 2566 854 2599 subdistantibus
871 2577 927 2597 nec
943 2577 1006 2597 non
1023 2566 1115 2597 lineis
1139 2566 1320 2597 incrementi
1344 2566 1521 2598 tenerrimis
1544 2565 1727 2605 decussata3
1751 2565 1835 2597 color
1857 2565 1946 2597 fundi
1970 2564 2094 2596 sordide
2115 2563 2205 2596 albus

378 2622 466 2654 zonis
488 2622 682 2664 maculisque
705 2622 864 2663 angulatis
887 2624 918 2653 et
941 2622 1068 2653 undatis
1099 2621 1285 2662 ferrugineis
1308 2622 1392 2653 varie
1414 2622 1535 2663 pictus3
1566 2621 1720 2653 umbones
1745 2621 1866 2662 parvuli
1890 2620 2037 2652 subacuti
2059 2619 2206 2661 approxi-

378 2679 453 2710 mati
486 2680 624 2711 medium
657 2682 807 2710 testarum
839 2680 999 2717 tenentes3
1029 2688 1100 2709 area
1122 2677 1285 2718 ligamenti
1308 2688 1405 2719 parva
1428 2680 1459 2709 et
1482 2680 1633 2718 angusta3
1663 2677 1746 2708 latus
1770 2677 1928 2708 internum
1953 2677 2055 2707 totum
2080 2675 2204 2714 album3.

2299 3335 2314 3387 Β»,
