2379 3382
927 258 1140 289 —87—

742 344 998 375 Mucronalia
1030 343 1154 374 exilis
1184 342 1218 373 A.
1252 343 1316 374 Ad.

312 412 378 438 Anu.
399 412 451 437 and
471 412 541 445 Mag.
563 413 623 446 Apr.
645 411 718 437 1862.
737 419 798 445 pag.
818 411 874 439 295.

263 471 474 504 Simonoseki.

753 556 879 604 Genus
903 555 1078 597 Apicalia
1100 555 1144 589 A.
1168 555 1318 590 Adams.

781 634 972 674 Apicalia
1001 633 1123 673 gibba
1154 634 1189 664 A.
1218 634 1283 665 Ad.

314 701 381 727 Anu.
402 701 454 727 and
473 701 545 734 Mag.
564 701 627 734 Apr.
649 701 723 727 1862.
743 709 805 735 pag.
826 701 884 727 295.

262 762 369 793 Insula
393 761 485 793 Goto.

263 817 330 848 Hoc
360 828 460 857 genus
490 819 605 848 testam
639 816 833 848 Eulimarum
869 816 1036 848 distortam
1069 817 1175 855 refert.
1205 818 1259 849 sed
1291 818 1412 858 apicem
1444 818 1637 858 singularem
1674 818 1814 859 Styliferi
1839 822 1869 850 et
1892 819 1960 851 Mn—

110 872 275 904 eronaliae.

771 954 896 988 Genus
918 955 1188 998 Monoptygma
1211 955 1295 990 Lea.

665 1033 955 1074 Monoptygma
987 1033 1178 1064 eximium
1209 1033 1396 1065 Lischko.

319 1101 419 1127 Malak.
439 1101 479 1127 Bl.
499 1101 549 1127 vol.
570 1101 607 1127 19.
627 1109 690 1135 pag.
711 1100 769 1127 103.
806 1100 866 1134 Jap.
886 1101 920 1126 M.
941 1100 1038 1126 Conch.
1059 1100 1110 1126 vol.
1131 1101 1154 1127 3
1174 1108 1235 1134 pag.
1255 1101 1296 1127 59.
1316 1101 1381 1128 Tab.
1400 1101 1423 1127 3.
1443 1101 1487 1135 fig.
1507 1102 1530 1127 4.
1551 1103 1573 1127 5.
1593 1103 1616 1128 6,

264 1162 350 1193 Mare
372 1161 526 1202 Japoniae
549 1162 824 1193 mediterraneum.

263 1217 359 1249 Plura
389 1217 563 1258 specimina
590 1217 704 1248 habitu
728 1219 759 1248 et
783 1218 886 1249 colore
917 1217 1075 1248 variantia
1111 1217 1229 1248 adsunt
1252 1228 1316 1249 11011
1341 1218 1442 1249 solum
1467 1218 1506 1249 M.
1532 1218 1645 1249 striato
1669 1218 1762 1260 Gray,
1787 1221 1841 1252 sed
1865 1222 1960 1253 etiam

110 1273 151 1306 M.
175 1273 261 1305 fulvo
285 1273 320 1304 A.
346 1273 403 1305 Ad.
427 1276 493 1305 tam
516 1273 640 1312 similia,
665 1276 701 1304 ut
723 1273 831 1304 omnia
853 1285 909 1314 pro
933 1284 997 1305 una
1020 1273 1195 1314 eademque
1228 1274 1331 1314 specie
1362 1273 1535 1305 habuerim.
1583 1274 1666 1306 Sunt
1694 1277 1851 1307 maximae
1879 1278 1960 1308 inter

110 1328 377 1370 Monoptygmata
399 1329 559 1360 hodierna.

690 1406 980 1446 Monoptygma
1011 1407 1177 1437 coelata
1208 1406 1244 1437 A.
1276 1406 1383 1447 A<l.*)

315 1475 383 1501 Ann.
403 1476 454 1502 etc.
473 1474 531 1501 Oct.
553 1474 626 1500 1861.
646 1481 707 1507 pag.
726 1473 784 1499 303.

265 1535 479 1567 Mino-shima.

736 1618 861 1653 Genus
886 1618 1088 1662 Cingulina
1111 1618 1155 1653 A.
1179 1619 1330 1654 Atlams.

721 1696 952 1738 Cingulina
983 1697 1191 1729 circinata
1221 1698 1257 1729 A.
1290 1699 1347 1729 Ad.

317 1766 384 1792 Anu.
405 1765 476 1799 Mag.
496 1765 559 1791 Nat.
578 1765 649 1791 Hist.
669 1765 731 1791 Dec.
752 1764 825 1791 1860.
845 1772 906 1798 pag.
925 1765 983 1791 414.

266 1826 465 1858 Awa-shima
488 1827 533 1866 (et
554 1825 641 1857 Mare
664 1825 823 1857 Chinense
846 1825 939 1867 sept.)

265 1882 350 1914 Haec
387 1883 506 1923 speeies
543 1882 666 1922 generis
703 1882 819 1923 typica,
852 1882 892 1913 ad
921 1881 981 1913 hoc
1011 1884 1139 1923 tempus
1174 1883 1279 1921 unica,
1315 1882 1415 1914 forma
1445 1885 1477 1914 et
1509 1883 1671 1923 sculptura
1709 1882 1962 1926 Monoptygmati

111 1938 290 1979 respondet,
313 1938 368 1969 secl
395 1938 477 1979 plica
500 1938 683 1969 columellae
707 1938 872 1969 deficiente
896 1937 1102 1969 Turbonillae
1125 1938 1237 1969 similis
1260 1941 1317 1970 est.

781 2069 907 2104 Genus
930 2070 1062 2104 Jolaea
1084 2070 1128 2104 A.
1152 2069 1302 2104 Adams.

715 2147 860 2179 Jolaea
890 2148 1044 2195 scitula.
1074 2147 1110 2179 A.
1143 2148 1208 2180 Ad.
1239 2148 1363 2189 (Jole).

319 2216 387 2241 Anu.
409 2214 481 2241 1850.
501 2222 561 2249 pag.
580 2214 639 2241 300.

267 2276 483 2314 ΜΗΘ-31111113,
506 2275 681 2307 Seto-Uchi
704 2277 763 2306 ete.

757 2361 901 2392 Jolaea
930 2361 1151 2402 sculptilis
1181 2362 1215 2393 A.
1247 2362 1312 2394 Ad.

318 2429 392 2456 Proc.
412 2428 481 2455 Zool.
501 2428 558 2455 Soc.
579 2428 652 2454 1867.
671 2436 732 2462 pag.
753 2428 811 2455 310.

266 2490 432 2523 Menestho
456 2488 612 2530 sculptilis
636 2488 717 2520 Ann.
744 2488 813 2521 Oct.
840 2489 930 2521 1861.
956 2500 1027 2530 pag.
1051 2489 1123 2521 303.

267 2545 486 2584 Mino-shima‚
508 2544 654 2576 Yobuko.

268 2675 291 2709 *)
311 2675 383 2701 Haec
402 2682 459 2705 vox,
480 2682 537 2700 cum
557 2682 572 2700 a
591 2677 670 2709 plica,
689 2664 728 2700 τό
753 2663 882 2710 πτύγμα
901 2674 1046 2708 derivetur,
1059 2683 1105 2709 pro
1119 2678 1215 2701 neutro
1234 2676 1356 2710 usurpari
1376 2675 1465 2709 debet,
1491 2684 1555 2710 ergo
1575 2676 1706 2702 coelatum
1726 2676 1892 2702 scribendum
1913 2679 1961 2703 ost.
