2317 3387
1192 258 1423 288 —246—

540 343 708 385 Specimen
732 343 889 375 Chinense
906 346 1033 375 nostrae
1057 343 1250 375 collectionis
1275 344 1423 374 eximiam
1447 342 1650 373 altitudinem
1669 341 1731 373 100
1747 342 1821 372 mill.
1840 342 1979 381 attingit.
2029 342 2230 383 „U1ni-giku“

389 401 592 442 Japanorum.

1017 467 1254 508 Spondylus
1288 466 1418 497 nudus
1450 465 1608 496 Chemn.

593 544 689 571 Conch.
715 543 778 570 Cal».
805 543 854 570 vol.
876 545 913 570 11.
934 552 993 578 pag.
1013 544 1071 570 2:35.
1092 545 1136 577 lig.
1160 543 1232 568 1959.
1260 542 1333 568 1990.
1371 542 1449 568 Sow.
1473 541 1550 567 Thes.
1580 541 1676 567 Conch.
1702 541 1752 567 vol.
1775 542 1794 567 l.
1814 549 1874 575 pag.
1900 541 1957 568 430.
1985 541 2049 568 Tab.
2068 542 2108 568 88.
2128 543 2171 576 fig.
2192 543 2232 569 39.

644 587 684 613 40.
722 587 829 612 Reeve
849 586 944 612 Conch.
964 588 1030 619 syst.
1050 586 1099 612 vol.
1123 587 1142 612 1.
1163 585 1226 611 Tab.
1250 585 1304 611 119.
1325 585 1369 617 fig.
1392 586 1431 610 10.
1451 584 1529 610 valva
1548 585 1669 618 superior
1689 585 1781 610 minor.

543 656 646 688 Unum
675 656 833 696 specimen
857 657 888 687 in
914 657 991 687 mari
1014 656 1168 697 Japoniae
1201 655 1430 686 mediterraneo
1464 664 1560 695 prope
1595 653 1790 694 Wakayama
1823 656 1951 694 captum
1985 657 2090 685 exstat
2124 654 2233 686 album

390 713 486 744 radiis
508 713 605 743 roseis
629 713 756 753 pictum.

544 768 629 799 Haec
657 768 778 809 species
807 769 951 808 respectu
981 767 1092 798 habito
1116 766 1229 797 coloris
1253 766 1331 797 satis
1354 765 1516 796 variabilis
1540 765 1710 796 invenitur.
1757 764 1907 805 Suspicor
1940 763 2135 805 spondylum
2159 776 2233 796 san-

389 824 539 865 guineum
563 824 595 855 in
618 823 822 855 Novitatibus
857 823 935 854 meis
969 821 1247 862 conchyliologicis
1277 832 1348 862 pag.
1379 820 1429 851 26.
1463 820 1657 861 descriptum
1681 823 1711 851 et
1735 819 1811 851 Tab.
1836 820 1864 850 7.
1889 820 1940 860 fig.
1965 820 1993 850 4.
2018 820 2046 851 5.
2073 820 2233 860 depictum

389 879 543 920 Spondyli
566 879 643 911 nudi
665 880 850 911 varietatem
873 890 950 910 esse.

963 998 1200 1039 Spondylus
1231 998 1434 1028 cruentus
1465 995 1654 1027 Lischke.

594 1074 653 1108 Jap.
674 1075 707 1100 M.
728 1074 823 1100 Conch.
845 1074 894 1100 vol.
917 1076 936 1100 l.
956 1082 1017 1108 pag.
1038 1074 1093 1100 172.
1114 1073 1177 1100 Tab.
1200 1074 1237 1100 12.
1258 1073 1301 1106 fig.
1326 1073 1398 1098 1—5.

543 1144 612 1175 Duo
629 1145 800 1184 specimina
824 1146 953 1175 exstant
975 1143 1074 1175 forma
1091 1146 1122 1174 et
1138 1143 1242 1174 colore
1267 1142 1356 1173 valde
1380 1142 1520 1176 diversa:
1544 1141 1677 1172 alterum
1702 1141 1803 1181 majus
1826 1142 1956 1172 ovatum
1973 1141 2014 1171 75
2031 1140 2105 1171 mill.
2123 1141 2232 1178 altum,

389 1201 431 1231 56
454 1200 554 1231 latum
578 1202 634 1231 est.

543 1255 639 1286 Valva
668 1255 806 1295 ejusdem
839 1255 966 1286 inferior
1000 1255 1103 1296 plana,
1128 1254 1224 1285 costis
1249 1253 1424 1284 imbricatis
1448 1256 1479 1284 et
1502 1253 1650 1294 spinosis,
1673 1253 1800 1284 laminis
1824 1252 1986 1284 nonnullis
2008 1263 2144 1292 areaque
2166 1263 2234 1283 um-

391 1311 482 1342 bonis
505 1322 621 1351 magna
643 1313 675 1342 et
697 1311 881 1351 resupinata
916 1311 1091 1343 instructa:
1115 1310 1207 1340 valva
1230 1310 1371 1350 superior
1394 1309 1515 1340 modice
1546 1320 1687 1340 convexa
1711 1309 1808 1340 costis
1830 1308 1981 1340 confertis
2012 1308 2233 1348 inaequalibus

391 1367 565 1398 imbricatis
597 1367 733 1398 obtecta.
780 1366 872 1398 Color
897 1367 1061 1407 utriusque
1094 1366 1202 1396 valvae
1231 1376 1359 1396 croceus
1381 1368 1412 1396 et
1436 1364 1624 1406 sulphureus
1648 1365 1681 1395 in
1705 1364 1797 1395 valva
1819 1364 1979 1405 superiore
2002 1364 2133 1395 maculis
2157 1364 2233 1395 rufis

390 1423 507 1463 passim
531 1423 720 1463 variegatus.
767 1421 932 1462 Specimcn
966 1422 1099 1453 alterum
1124 1422 1178 1453 vix
1200 1422 1243 1452 40
1264 1421 1340 1452 mill.
1365 1421 1476 1459 altum,
1500 1421 1622 1452 ambitu
1646 1421 1708 1452 fere
1732 1419 1913 1458 rotundato,
1942 1419 2044 1451 colore
2069 1420 2192 1451 excellit
2217 1431 2233 1450 e

391 1479 564 1518 sanguineo
588 1480 617 1509 et
642 1478 788 1509 coccineo
812 1478 1001 1515 commixto3
1025 1489 1097 1508 arca
1122 1478 1259 1509 cardinis
1282 1477 1377 1518 plana
1400 1476 1570 1516 triangula,
1594 1476 1760 1511 latissima,
1784 1475 1874 1507 valde
1898 1475 2089 1516 resupinata.
2135 1475 2234 1506 Latus

391 1535 549 1565 internum
584 1533 725 1565 albidum
760 1535 900 1574 margine
936 1533 1030 1564 rubro
1066 1536 1193 1565 crenato
1227 1533 1376 1564 cinctum.
1422 1532 1470 1563 Ex
1501 1532 1549 1563 his
1580 1532 1806 1573 speciminibus
1830 1533 1861 1563 et
1884 1531 1932 1569 iis,
1956 1531 1994 1562 dr·
2017 1531 2133 1571 quibus
2169 1531 2234 1571 jam

390 1590 539 1621 disseruit
563 1590 634 1620 clar.
661 1589 806 1627 Liscbke,
830 1589 941 1626 elucet,
966 1589 1047 1620 hanc
1071 1589 1206 1629 speciem
1230 1589 1312 1619 sicut
1335 1588 1467 1620 aliorum
1499 1587 1732 1629 Spondylorum
1756 1587 1925 1618 admodum
1958 1586 2142 1618 variabilem
2166 1597 2234 1617 esse

390 1649 455 1676 tam
480 1645 601 1682 habitu,
625 1656 719 1685 quam
743 1645 854 1682 colore,
878 1645 938 1676 etsi
962 1645 1147 1686 plerumque
1169 1646 1353 1684 sanguineo.

545 1701 633 1732 Hanc
657 1701 809 1732 concham
833 1692 1016 1732 variabilem
1039 1701 1156 1741 Japani
1182 1700 1478 1740 „Mitsudo-shako“
1508 1700 1684 1731 nominant.

1085 1861 1209 1895 Genus
1233 1861 1417 1895 Plicatula
1442 1861 1542 1895 Lam.

1041 1957 1252 1988 Plicatula
1283 1959 1463 1988 cuneata
1495 1957 1582 1988 Dkr.

1142 2033 1205 2060 Tab.
1226 2035 1317 2060 nostra
1339 2035 1376 2059 ll.
1397 2035 1441 2066 fig.
1461 2033 1483 2059 3.

597 2084 694 2110 Malak,
716 2084 754 2110 ΠΙ.
775 2084 823 2110 vol.
843 2084 882 2110 24.
903 2093 963 2118 pag.
984 2085 1023 2111 73.

545 2153 639 2185 Testa
662 2165 754 2194 parvm
781 2154 892 2192 solida,
926 2155 1204 2195 cuneato-trigona
1235 2166 1332 2196 paene
1360 2154 1564 2194 aequivalvis,
1602 2155 1755 2186 umbones
1791 2165 1899 2186 versus
1933 2154 2023 2185 valde
2058 2156 2234 2192 attenuata,

392 2208 544 2240 lateribus
568 2208 663 2249 plana
686 2210 781 2240 costi<
805 2210 889 2241 senis
913 2210 960 2240 vel
985 2211 1124 2250 septenis
1147 2211 1261 2242 crassis
1286 2211 1531 2250 interstitiisque
1554 2210 1697 2242 obsolete
1721 2210 1897 2242 imbricatis
1928 2210 2094 2247 instructa,
2117 2209 2235 2248 albida,

393 2264 500 2304 strigis
524 2265 722 2305 flammisque
746 2265 840 2296 fulvis
865 2266 1031 2306 picturata,
1057 2284 1097 2287 -—
1121 2266 1182 2297 Alt.
1211 2266 1344 2304 13—14‚
1369 2266 1453 2306 long.
1477 2267 1584 2298 9—10
1607 2267 1680 2298 mill.

546 2319 632 2351 Mare
654 2320 852 2361 Japonicum.

547 2376 727 2416 Specimina
751 2377 809 2407 tria
833 2377 942 2408 adulta
967 2377 1064 2408 forma
1089 2377 1181 2418 plane
1203 2377 1412 2417 congruentia
1437 2380 1574 2409 exstant.

547 2431 631 2462 Haec
655 2431 812 2463 Plicatula
835 2443 930 2472 parva
953 2434 1020 2464 sine
1043 2433 1140 2465 dubio
1164 2434 1204 2464 ad
1227 2445 1279 2464 eas
1303 2434 1423 2474 species
1446 2434 1593 2474 pertinet,
1617 2445 1698 2475 quae
1721 2433 1895 2474 conchyliis
1918 2434 2028 2466 aliisve
2052 2433 2236 2474 corporibus

395 2487 523 2518 marinis
548 2498 608 2518 non
634 2490 707 2518 sunt
742 2488 866 2526 affixae,
891 2489 975 2529 quod
1007 2488 1106 2520 forma
1130 2489 1196 2529 ejus
1228 2490 1379 2530 regularis
1414 2493 1598 2521 constanter
1632 2493 1767 2521 cuneata
1801 2501 1899 2530 paene
1932 2489 2128 2531 aequivalvis
2157 2490 2236 2521 satis

395 2543 599 2574 demonstrat.

548 2599 632 2630 inter
655 2599 742 2630 vivas
766 2599 859 2631 liuius
882 2602 1006 2641 generis
1029 2601 1148 2640 spi-cies
1173 2601 1258 2632 nulla
1284 2602 1359 2632 mihi
1385 2602 1534 2639 innotuit,
1571 2614 1651 2643 quae
1675 2613 1744 2634 cum
1770 2605 1878 2634 nostra
1901 2601 2055 2634 conchula
2086 2601 2236 2633 confundi

397 2655 504 2693 possit.
