2379 3382
904 241 1139 271 —147-

853 338 1180 384 Scissurellacea.

589 445 714 479 Genus
737 444 959 482 Scissurella
982 447 1026 481 A.
1047 448 1187 481 Adams
1212 448 1451 490 (d'orbigny).

111 558 113 560 ,
255 522 336 554 Clar.
355 523 390 553 A.
410 522 528 554 Adams
552 523 646 563 (Ann.
666 523 747 563 Mag.
765 523 838 555 Nat.
864 524 944 557 Hist.
969 525 1047 557 Nov.
1075 525 1166 557 1862.
1190 537 1261 566 pag.
1289 525 1373 565 346.)
1399 526 1492 557 huius
1515 527 1637 566 generis
1660 530 1724 558 tres
1748 526 1946 558 enumeravit.

101 578 221 619 species
243 578 431 618 Japonicas:
814 599 817 602 -

656 638 953 671 Scissurellam
984 641 1218 671 carinatam
1252 640 1286 670 A.
1319 640 1383 671 Ad.

255 697 415 735 Okoshiri‚
439 697 621 730 Seto-Uchi.

666 766 957 799 Scissurellam
988 768 1212 800 modestam
1245 769 1279 799 A.
1313 769 1376 800 Ad.

258 808 477 840 Tabu-shima.

666 877 963 910 Scissurellam
995 879 1218 910 mirandam
1251 879 1285 910 A.
1318 879 1382 910 Ad.

255 919 475 951 Mino-shiina.

256 975 322 1006 Hae
345 978 408 1007 tres
427 977 546 1016 species
569 976 608 1008 ad
631 975 904 1017 Schismopen
927 977 1082 1018 Jeffreysii
1106 978 1275 1017 pertinent.
1296 989 1376 1018 quae
1394 978 1546 1010 foramine
1570 989 1665 1018 parvo
1683 989 1777 1018 supra
1795 979 1948 1010 cissuram

101 1032 277 1062 instructae.
301 1033 384 1062 sunt.

745 1117 869 1151 Genus
891 1116 1099 1151 Anatomus
1121 1117 1314 1151 Montfort.

257 1194 430 1226 Clarissimi
466 1194 584 1226 Adams
619 1194 731 1226 fratres
755 1195 787 1226 in
814 1195 886 1236 „the
909 1206 1025 1236 genera
1056 1195 1090 1227 of
1118 1197 1226 1227 recent
1258 1195 1430 1227 Mollusca“
1464 1195 1523 1227 hoc
1553 1207 1654 1236 genus
1687 1196 1952 1227 Montfortianum

102 1250 350 1291 adoptaverunt,
383 1250 543 1291 posterius
572 1253 680 1282 autem
704 1250 740 1281 A.
765 1250 883 1282 Adams
908 1250 1002 1292 (Ann.
1025 1251 1108 1292 Mag.
1132 1251 1204 1283 Nat.
1230 1251 1310 1283 Hist.
1335 1251 1413 1282 Nov.
1440 1251 1533 1282 1862.
1559 1262 1629 1292 pag.
1654 1251 1739 1291 347.)
1764 1262 1864 1292 genus
1888 1263 1952 1283 non

103 1306 333 1347 comprobavit,
366 1306 466 1337 nihilo
496 1305 601 1337 minus
631 1308 737 1338 tamen
768 1317 883 1338 nomen
915 1306 993 1338 illud
1018 1318 1074 1348 pro
1101 1307 1151 1338 his
1176 1307 1268 1338 testis
1289 1307 1394 1348 parvis
1424 1307 1485 1339 sibi
1515 1308 1658 1348 sumpsit.
1705 1307 1776 1338 Mea
1805 1308 1954 1348 opinione

102 1373 216 1394 nomen
249 1361 426 1393 Montforto
449 1361 611 1402 proprium
634 1362 834 1393 retinendum
859 1364 916 1401 est,
939 1373 1013 1394 nam
1038 1363 1109 1394 icon
1131 1363 1238 1403 typica
1261 1373 1280 1394 a
1302 1363 1374 1394 clar.
1400 1362 1538 1403 Philippi
1563 1362 1693 1404 (Conch.
1720 1362 1795 1394 Cab.
1823 1364 1869 1395 ed.
1895 1364 1950 1395 alt.

103 1419 163 1450 vol.
181 1419 211 1455 2,
228 1417 271 1457 4.)
295 1417 506 1458 transscripta
522 1435 563 1439 —
587 1417 808 1449 Montfortium
831 1428 1013 1459 comparare
1031 1418 1109 1449 mihi
1125 1417 1211 1449 haud
1227 1418 1318 1450 licuit
1340 1437 1382 1441 —
1405 1420 1508 1459 generi
1527 1419 1606 1450 satis
1623 1419 1800 1460 respondet.
1839 1419 1952 1460 Itaque

103 1474 307 1505 Scissurellae.
331 1472 485 1514 Orbignyi
510 1473 636 1504 eaedem
660 1476 736 1505 sunt
760 1474 949 1511 cochleolae,
974 1473 1029 1505 sed
1052 1474 1215 1514 quaeritur
1238 1485 1314 1506 num
1339 1474 1443 1506 locum
1463 1475 1585 1515 justum
1608 1477 1740 1506 teneant
1764 1475 1796 1506 in
1819 1475 1951 1507 Mollus-

103 1540 208 1561 corum
238 1531 420 1570 systemate.
468 1529 697 1560 Woodwardus
720 1540 834 1560 nomen
859 1530 996 1561 mutavit
1019 1529 1051 1560 in
1077 1531 1243 1561 Anatoma.

258 1585 384 1625 Species
407 1585 447 1616 ab
471 1584 621 1616 Adamsio
645 1585 677 1616 in
700 1585 838 1626 Japonia
861 1585 1004 1617 detectae
1028 1585 1087 1616 hae
1109 1587 1201 1616 sunt:

703 1671 927 1703 Anatomus
957 1671 1188 1711 Japonicus
1219 1670 1253 1701 A.
1288 1671 1350 1701 Ad.

255 1740 476 1777 Mino-shima‚
501 1738 658 1778 O-shima‚
684 1738 777 1771 Goto.

704 1817 927 1848 Anatomus
958 1815 1196 1847 lamellatus
1227 1816 1262 1846 A.
1288 1816 1351 1847 Ad.

256 1860 372 1891 Iisdem
396 1859 482 1891 locis.

703 1919 916 1950 Anatomus
946 1919 1189 1950 turbinatus
1221 1919 1256 1950 A.
1290 1919 1352 1950 Ad.

257 1962 476 1993 Mino-shima.

698 2021 927 2052 Anatomus
957 2021 1192 2053 concinnus
1224 2022 1259 2052 A.
1292 2022 1355 2054 Ad.

258 2064 446 2096 Rifunshiri.

690 2125 910 2156 Anatomus
941 2124 1193 2156 stramineus
1225 2125 1259 2156 A.
1294 2125 1357 2157 Ad.

258 2167 455 2199 Tsu-shima.

906 2282 1152 2328 Haliotidea.

823 2389 947 2424 Genus
970 2390 1134 2424 Haliotis
1157 2390 1236 2424 Lin.

700 2467 887 2500 Haliotis
917 2469 1116 2509 gigantea
1146 2469 1368 2501 Chemnitz.

311 2533 407 2560 Conch.
428 2533 490 2561 Cab.
511 2534 562 2561 vol.
584 2534 622 2561 10.
641 2542 702 2568 pag.
723 2535 781 2562 315.
801 2535 864 2562 Tab.
887 2536 942 2563 167.
962 2536 1006 2568 fig.
1029 2537 1102 2562 1610.
1124 2537 1200 2563 1611.

259 2595 400 2626 Plurima
422 2594 517 2627 huius
540 2596 655 2636 speciei
678 2596 841 2628 variabilis
871 2597 1045 2638 specimina
1067 2597 1150 2629 lecta
1173 2599 1258 2636 sunt,
1282 2609 1299 2629 e
1323 2597 1441 2638 quibus
1465 2598 1568 2630 denuo
1593 2598 1817 2640 evidenterque
1842 2599 1955 2639 elucet,

103 2650 247 2684 Haliotin
272 2651 396 2682 discum
419 2650 535 2683 Reevei
557 2653 589 2683 et
611 2651 904 2685 Kamschatkanam
926 2653 1050 2685 Jonasii
1073 2664 1129 2695 pro
1151 2653 1361 2686 varietatibus
1383 2655 1510 2686 tantum
1533 2654 1699 2728 habens&
1720 2666 1798 2695 esse,
1822 2655 1908 2696 quod
1924 2655 1958 2687 in
