2379 3382
887 349 928 353 —·
977 330 1033 362 101
1083 349 1121 352 -

740 416 920 458 Cypraea
953 416 1122 456 globosa
1155 415 1265 457 Gray.

291 484 368 511 Sow.
389 484 484 511 Couch.
505 484 545 510 111.
565 492 605 510 no.
622 485 676 510 117.
713 484 817 510 Reeve
837 483 932 510 Conch.
952 484 1018 510 icon.
1033 483 1082 510 vol.
1093 483 1116 510 3.
1128 484 1249 518 Cypraea
1263 492 1329 518 spec.
1345 485 1399 510 152.
1411 495 1443 507 z
1456 485 1602 519 Cypraea
1623 486 1728 520 pilula
1741 486 1830 512 Kien.
1845 488 1918 513 vars?

243 544 369 584 Species
393 545 562 585 singularis
584 545 723 585 parvula.

242 599 487 631 Satanomosaki
511 600 545 631 A.
571 600 696 631 Adams.

707 684 886 726 Cypraea
921 686 1073 726 grando
1108 685 1300 718 Gaskoin.

292 752 363 778 Proe.
383 753 452 779 Zool.
473 753 528 778 Soc.
550 752 622 779 1848.
641 760 702 786 pag.
722 752 762 778 96.

244 808 326 840 Goto
351 812 381 841 et
404 808 532 840 Simoda
556 811 591 840 A.
616 808 734 840 Adams
757 808 866 840 Journ.
891 809 978 840 Proc.
1004 809 1094 840 Linn.
1119 809 1188 841 Soc.
1216 811 1273 841 voi.
1300 811 1327 841 7.
1353 821 1422 851 pag.
1447 811 1496 841 94.

238 864 357 896 Manila
379 864 530 896 Gaskoin.
575 864 664 895 Hanc
687 864 823 904 speciem
849 865 921 896 clar.
948 864 1130 896 Weinkauff
1151 876 1207 906 pro
1232 866 1322 907 Cypr.
1347 877 1439 907 oryza
1464 867 1548 897 Lam.
1571 867 1635 907 juv.
1661 868 1765 899 habet.

241 928 281 960 Ut
306 928 534 970 conchyliologi
557 929 672 967 sciunt,
701 929 765 969 jam
789 929 950 960 Linnaeus
974 930 1004 960 in
1031 930 1151 960 decima
1178 929 1365 970 systematis
1387 930 1526 962 Naturae
1549 931 1686 962 editione
1710 931 1866 973 Cypraeas
1887 934 1919 964 in

85 987 203 1016 eertum
240 985 379 1016 ordinem
415 985 554 1025 redigere
586 985 723 1015 tentavit
757 995 809 1016 eas
844 985 987 1016 dividens
1021 985 1121 1026 primo
1154 986 1186 1016 in
1219 986 1545 1024 subturbinatas.
1578 988 1715 1018 secundo
1749 989 1920 1020 obtusas

85 1040 235 1080 absque
271 1041 378 1080 spira
410 1040 634 1078 manifesta,
666 1040 760 1071 tertio
793 1041 1070 1079 umbilieatas,
1106 1044 1218 1081 quarto
1253 1043 1512 1081 marginatas.
1560 1042 1721 1074 Posterius
1745 1044 1775 1074 in
1800 1044 1915 1075 formas

85 1096 239 1136 quasdam
274 1095 482 1136 Cypraearum
515 1096 593 1127 adeo
627 1107 742 1136 genera
776 1095 909 1128 fundata
941 1099 1025 1134 sunt⁷
1060 1097 1176 1137 quibus
1212 1108 1284 1128 vero
1315 1097 1366 1138 jus
1397 1097 1482 1129 haud
1505 1098 1739 1130 concedendum
1762 1102 1819 1137 est,
1850 1110 1920 1130 cum

85 1162 202 1192 genera
234 1152 296 1182 ista
328 1151 445 1183 finibus
480 1152 558 1183 artis
588 1152 717 1182 minime
748 1152 813 1182 sint
836 1153 1037 1183 secernenda.
1084 1152 1263 1184 Nonnullae
1292 1155 1398 1184 tamen
1430 1154 1599 1185 sectionem
1631 1155 1819 1195 permittunt.
1842 1156 1921 1186 bene

85 1208 298 1246 terminatam,
323 1218 361 1238 ex
385 1219 429 1247 gr.
454 1207 525 1239 illae
549 1207 707 1248 Cypraeae
729 1208 866 1238 minores
891 1210 922 1239 et
945 1208 1094 1239 minimae
1119 1208 1243 1240 Triviae
1267 1209 1379 1247 dietae,
1409 1220 1489 1250 quae
1513 1210 1609 1241 costis
1638 1211 1786 1251 rugisque
1817 1213 1919 1242 trans-

86 1263 184 1294 versis
207 1265 368 1301 notantur,
392 1265 429 1294 ut.
452 1263 591 1304 Cypraea
614 1263 777 1304 pediculus
801 1263 932 1295 Linnaei
949 1266 1141 1305 ceteraeque.
1188 1264 1258 1296 Non
1278 1265 1470 1306 repugnabo,
1487 1265 1513 1296 si
1530 1277 1585 1306 pro
1601 1277 1714 1307 genere
1734 1266 1919 1299 habeantur.

805 1396 1189 1456 Amphiperasoaea.

697 1503 820 1538 Genus
842 1504 1093 1548 Amphiperas
1117 1505 1277 1539 Gronov.
1287 1506 1315 1546 *)

637 1581 910 1624 Amphiperas
940 1583 1063 1615 Ovum
1094 1584 1175 1616 Lin.
1208 1583 1361 1626 (Bulla).

289 1647 359 1681 Syst.
379 1647 442 1674 Nat.
461 1646 500 1674 ed.
521 1647 560 1673 10.
578 1656 639 1682 pag.
660 1649 715 1676 725.
736 1650 802 1677 Mus.
821 1650 886 1678 Lud.
908 1651 963 1678 Ulr.
981 1659 1043 1686 pag.
1064 1652 1122 1679 584.
1159 1652 1229 1686 Syst.
1259 1651 1322 1678 Nat.
1342 1651 1381 1677 ed.
1404 1651 1442 1677 12.
1461 1659 1522 1685 pag.
1543 1640 1616 1679 118i.
1645 1651 1746 1678 Gmel.
1766 1660 1826 1686 pag.
1846 1652 1920 1679 3422.

341 1690 492 1724 Rumphii
511 1691 577 1717 Mus.
598 1691 662 1719 Tab.
681 1692 722 1720 38.
742 1694 786 1727 fig.
807 1693 836 1726 Q.
857 1693 974 1729 (Ovum).
1000 1694 1086 1721 Lam.
1107 1695 1187 1721 anim.
1207 1703 1270 1720 sans
1289 1697 1354 1721 vert.
1374 1695 1424 1721 vol.
1445 1695 1484 1720 10.
1502 1703 1564 1729 pag.
1583 1695 1640 1722 467.
1678 1695 1763 1721 Ovula
1781 1695 1921 1721 oviformis.

239 1750 404 1792 Specimen
428 1752 545 1792 grande
568 1753 813 1793 pulcherrimum
836 1756 877 1786 94
900 1756 978 1787 mill.
1003 1756 1132 1796 longum
1157 1758 1271 1788 exstat.

638 1839 906 1881 Amphiperas
935 1841 1119 1873 rhodium
1151 1842 1184 1873 A.
1220 1843 1376 1874 Adams.

290 1904 365 1931 Proc.
384 1905 453 1931 Zool.
474 1905 530 1932 Soc.
552 1906 625 1933 1854.
644 1914 706 1940 pag.
727 1907 784 1934 130.
804 1908 868 1935 Tab.
887 1909 927 1936 28.
947 1909 991 1942 fig.
1011 1909 1034 1936 8.

238 1965 334 1997 Plura
356 1967 529 2006 specimina
550 1967 633 1998 lecta
655 1971 738 2000 sunt.

239 2021 413 2053 Discrimen
437 2023 564 2063 gravius
587 2023 670 2055 inter
692 2024 774 2056 hane
798 2027 933 2066 speciem
957 2028 989 2058 et
1011 2025 1150 2058 Ovulum
1173 2027 1335 2058 triticeum
1359 2025 1441 2058 Sow.
1463 2026 1555 2067 quale
1572 2027 1603 2058 in
1621 2026 1780 2059 Thesauro
1804 2027 1921 2060 Conch.

91 2076 150 2108 vol.
175 2077 203 2108 2.
227 2088 298 2118 pag.
324 2078 395 2108 474.
421 2077 497 2109 Tab.
523 2078 593 2110 100.
616 2079 668 2119 fig.
693 2080 743 2112 20.
768 2081 817 2112 21.
843 2082 1036 2124 descriptum
1060 2085 1091 2113 et
1115 2083 1274 2124 depictum
1298 2085 1354 2121 est,
1379 2083 1519 2114 invenire
1542 2095 1606 2115 non
1629 2083 1726 2124 potui.

586 2165 856 2206 Amphiperas
886 2168 1099 2199 triticeum
1129 2168 1228 2200 Lam.
1263 2167 1427 2209 (Ovula).

290 2229 376 2257 Anim.
395 2239 456 2257 sans
476 2235 542 2258 vert.
561 2231 600 2259 ed.
620 2233 667 2260 alt.
688 2242 749 2268 pag.
768 2235 826 2261 470.
864 2235 1004 2261 Ovulum
1025 2236 1199 2262 triticeum
1219 2239 1297 2263 Sow.
1319 2237 1395 2263 Thes.
1415 2236 1511 2262 Coneh.
1531 2236 1616 2262 v01.2.
1629 2236 1809 2270 pag.474.fig.
1822 2237 1862 2264 20.
1879 2237 1918 2263 21,

242 2290 327 2322 Mare
349 2291 553 2332 Japonieum;
577 2293 763 2326 Lamarckio
787 2298 915 2328 auctore
938 2297 1055 2338 pariter
1077 2298 1109 2328 in
1134 2298 1226 2330 litore
1248 2298 1397 2330 Africano
1421 2299 1569 2331 obvenire
1593 2299 1716 2330 dieitur.

559 2378 824 2420 Amph'iperas
855 2381 1073 2414 formosum
1106 2382 1200 2415 Sow.
1234 2383 1441 2425 (Ovulum).

289 2443 353 2478 Voy.
373 2444 401 2470 of
417 2445 600 2479 Samarang
619 2446 682 2473 Tab.
703 2448 726 2474 6.
749 2448 793 2482 fig.
813 2449 892 2476 6a.b.
930 2450 1006 2477 Sow.
1027 2450 1103 2478 Thes.
1124 2451 1219 2477 Conch.
1240 2452 1290 2478 vol.
1311 2452 1334 2478 2.
1355 2460 1415 2486 pag.
1434 2452 1492 2478 474.
1512 2452 1575 2479 Tab.
1597 2453 1652 2479 101.
1672 2452 1716 2486 fig.
1735 2452 1775 2479 99.
1798 2452 1852 2479 100,

243 2504 409 2546 Specimen
432 2507 463 2538 in
486 2507 622 2547 Japonia
644 2508 759 2541 lectum
783 2522 855 2542 cum
878 2511 1023 2543 iconibus
1046 2523 1140 2552 supra
1163 2512 1302 2544 laudatis
1325 2514 1403 2544 satis
1426 2515 1582 2546 convenit.

239 2641 262 2675 *)
282 2641 332 2668 Hic
350 2642 496 2668 notandum
515 2645 556 2669 est
574 2652 667 2671 nomeu
693 2647 844 2679 genericum
874 2648 1000 2674 Gronovii
1025 2648 1232 2682 „Amphiperas“
1253 2649 1286 2675 ab
1311 2635 1399 2683 ίῖμφί
1425 2649 1571 2684 (utrinque)
1590 2652 1617 2676 et
1635 2641 1737 2684 Πέρας
1751 2650 1831 2684 (finis)
1851 2650 1920 2677 deri—

85 2681 200 2708 vandum
231 2691 296 2714 esse,
315 2692 394 2718 quam
414 2685 447 2711 ob
466 2693 519 2711 reni
540 2695 585 2720 pro
606 2689 699 2714 neutro
727 2690 850 2723 usurpari
876 2690 970 2722 debet3
997 2691 1044 2716 sed
1063 2691 1126 2717 clar.
1148 2691 1219 2725 Gray
1238 2692 1265 2717 in
1283 2692 1357 2719 Proc.
1383 2693 1452 2719 Zool.
1479 2693 1534 2719 Soc.
1555 2694 1626 2720 1847.
1646 2702 1706 2727 pag.
1727 2694 1782 2720 143.
1802 2694 1877 2727 (Gen.
1897 2694 1926 2720 of

84 2733 134 2794 ἷεο.
155 2726 238 2795 moni}
258 2727 431 2762 Amphiceras
450 2730 557 2763 scripsit
578 2720 683 2764 (κέρας
701 2732 799 2766 cornu).
820 2733 885 2758 Cum
902 2733 966 2759 haec
985 2733 1166 2760 denominatio
1186 2735 1273 2768 aptior
1287 2735 1417 2766 videatur,
1430 2744 1478 2762 vox
1490 2736 1663 2770 Amphiperas
1674 2736 1822 2763 fortassein
1835 2745 1921 2763 errore

98 2776 219 2803 ypograp
240 2769 280 2796 ico
299 2771 404 2798 nititur.
