2317 3387
1154 261 1388 292 -170—

867 348 1121 389 Siphonaria
1144 344 1513 379 cochleariformis
1536 342 1678 373 Reeve.

554 417 649 444 Conch.
669 417 735 442 icon.
755 415 915 449 Siphonaria
934 414 997 440 Tab.
1017 414 1039 440 6.
1060 415 1104 447 fig.
1123 414 1163 439 28.
1200 413 1276 439 Dkr.
1297 411 1368 438 Mon.
1387 411 1446 444 Jap.
1466 417 1526 444 pag.
1548 408 1586 434 18.
1623 407 1770 433 Lischke
1790 407 1806 432 l.
1827 406 1842 432 l.
1862 413 1924 440 pag.
1946 406 2005 432 106.

503 469 618 501 Portus
642 467 832 499 De-shimae.

503 558 668 588 Praeterea
691 556 763 587 clar.
798 556 836 587 de
864 554 1025 587 Schrenek
1054 552 1347 594 Siphonariam
1379 550 1593 591 siphonem
1625 548 1723 580 Sow.
1753 550 1788 578 ut
1818 546 1979 578 cochleam
2010 544 2199 585 Japonicam

347 624 445 654 prope
475 612 642 643 Hakodate
670 612 784 642 lectam
815 609 1013 641 enumeravit
1037 608 1168 648 (Amurl.
1200 608 1260 639 vol.
1291 606 1320 637 2.
1352 616 1422 647 pag.
1455 604 1541 638 306).
1596 602 1675 634 Cum
1706 612 1779 633 vero
1811 600 2019 642 Siphonarias
2050 599 2199 640 exiguam

351 668 432 700 Sow.
459 670 595 705 acutam,
627 665 830 702 albicantem,
854 667 1049 705 punctatam,
1075 663 1272 694 Selandicam
1298 665 1329 693 et
1352 661 1503 702 plicatam
1528 660 1563 696 Q.
1587 662 1618 689 ef
1649 658 1685 689 G.
1718 667 1773 698 pro
1805 655 2014 688 varietatibus
2046 666 2118 686 cum
2146 655 2201 686 illa

350 723 454 763 specie
477 721 678 761 conjunxerit
701 723 731 751 et
756 720 884 760 insuper
906 719 1080 759 specimina
1102 718 1179 749 mihi
1203 717 1308 748 desint
1331 719 1367 747 ut
1391 717 1623 755 comparentur,
1656 713 1830 754 dijudicare
1862 721 1985 752 nequeo
2015 721 2092 742 num
2123 710 2201 741 haec

350 777 533 817 conjunctio
557 776 598 807 su
622 778 716 806 rocta.

1005 914 1259 960 Oonchifera.
1329 912 1546 958 Pholadea.

1055 1022 1179 1055 Genus
1202 1021 1349 1055 Barnea
1371 1020 1493 1054 Risso.

922 1099 1077 1130 Barnea
1107 1099 1278 1139 fragilis
1309 1098 1406 1129 Sow.
1438 1094 1628 1136 (Pholas).

560 1165 636 1191 Thes
657 1165 753 1191 Conch.
774 1165 823 1191 rol.
843 1165 865 1190 2.
885 1173 946 1198 pag.
965 1165 1022 1191 488.
1042 1167 1087 1199 fig.
1107 1166 1147 1192 92.
1166 1166 1207 1192 93.

508 1225 672 1265 specimen
696 1225 856 1265 integrum
880 1225 921 1255 63
946 1226 1020 1256 mill.
1044 1226 1174 1265 longum
1199 1235 1295 1265 prope
1318 1224 1482 1264 Nagasaki
1505 1223 1624 1254 lectum
1648 1224 1764 1252 exstat.

1033 1347 1158 1380 Genus
1180 1345 1365 1388 Zirphaea
1388 1344 1520 1379 Leach.

897 1436 1102 1475 Zirphaea
1134 1437 1322 1477 crispata
1353 1435 1435 1466 Lin.
1466 1434 1652 1472 (Pholas).

560 1502 630 1568 Sys}
646 1501 955 1569 Natl.e;}.};).1·zrg.670.
975 1502 1101 1528 Forbes
1120 1506 1146 1529 et
1167 1503 1300 1536 Hanley
1319 1502 1388 1528 Hist.
1409 1502 1438 1528 of
1453 1501 1521 1527 Brit.
1536 1501 1609 1527 Moli.
1627 1500 1677 1526 vol.
1694 1501 1714 1526 1.
1729 1507 1790 1533 pag.
1808 1499 1863 1524 114.
1877 1500 1927 1524 etc.
1966 1497 2018 1523 Cfr.
2038 1495 2205 1523 Schrenck

610 1564 617 1568 .
635 1551 710 1569 mur.
732 1563 738 1569 .
760 1552 774 1567 ο
799 1565 804 1570 .
824 1552 884 1578 pag.
905 1545 962 1570 595.

508 1603 592 1634 Haec
622 1603 741 1643 speeies
769 1603 919 1635 omnibus
948 1607 1024 1635 nota
1055 1605 1238 1644 praesertim
1273 1606 1304 1636 in
1339 1605 1431 1645 aquis
1466 1603 1772 1644 septentrionalibus
1801 1602 1896 1634 obvia
1928 1601 2025 1632 etiam
2061 1600 2093 1631 in
2128 1600 2208 1631 mari

358 1657 513 1698 Japonico
539 1658 668 1688 invema
692 1661 739 1689 est
763 1670 810 1689 ex.
835 1669 879 1697 gr.
906 1659 936 1689 in
960 1659 1051 1690 litore
1074 1659 1196 1691 insulae
1220 1660 1397 1691 Sachalien.

957 1781 1081 1814 Genus
1104 1781 1333 1815 Jouannetia
1356 1780 1603 1815 Desmoulins.

737 1869 993 1900 Jouannetia
1023 1870 1233 1911 Cumingii
1263 1871 1359 1902 Sow.
1387 1871 1469 1911 jun.
1500 1868 1824 1911 (Triomphalia).

561 1935 633 2001 Propi.
653 1934 728 2002 zm?-
741 1937 797 2002 δξὶ·
820 1936 891 1961 1849.
912 1943 974 1969 pag.
999 1937 1053 1962 161.
1074 1936 1138 1963 Tab.
1159 1938 1181 1963 5.
1204 1939 1248 1970 fig.
1267 1938 1290 1964 3.
1311 1938 1327 1964 3
1339 1946 1362 1964 a.
1383 1939 1414 1964 G.
1435 1938 1464 1964 B.
1486 1938 1562 1964 Sow.
1582 1937 1658 1963 Thes.
1679 1936 1776 1962 Conch.
1797 1936 1848 1962 vol.
1869 1935 1892 1962 2.
1913 1943 1974 1969 pag.
1995 1935 2052 1961 502.
2071 1933 2136 1960 Tab.
2153 1933 2209 1960 106.

631 1985 676 2009 gg.
713 1982 735 2003 σι.
757 1986 796 2003 -ι,

511 2036 604 2067 Testa
643 2037 775 2077 globosa
818 2038 1027 2069 crassiuscula
1068 2039 1169 2071 valvis
1204 2040 1426 2081 inaequalibus
1461 2039 1692 2077 canaliculatis,
1729 2039 1818 2070 striis
1856 2037 2067 2069 eoncentrieis
2105 2036 2210 2068 antice

358 2090 505 2122 minutim
529 2093 666 2125 serratis,
698 2092 818 2132 postico
843 2093 873 2123 iu
898 2093 1039 2124 lamellas
1063 2094 1220 2126 confertas
1243 2095 1487 2126 transeuntibus
1518 2095 1684 2133 instructa,
1714 2095 1807 2126 valva
1835 2094 1967 2125 dextera
1998 2091 2212 2133 appendicula

358 2145 499 2177 calc-area
522 2147 681 2187 triplicata
704 2147 817 2178 obtuse
841 2147 996 2187 lingulata
1012 2149 1154 2189 margine
1171 2150 1325 2182 laminata
1341 2150 1486 2190 insignis,
1510 2150 1602 2181 valva
1618 2160 1691 2181 vero
1708 2150 1838 2181 sinistra
1854 2149 2066 2190 appendicula
2082 2157 2212 2188 prorsus

358 2211 476 2237 carens,
501 2201 584 2232 linea
607 2202 778 2233 rotundata
801 2203 980 2234 terminata.

513 2264 593 2295 Clar.
618 2265 819 2296 Desmoulins
853 2266 972 2305 primus
1002 2266 1061 2297 hoc
1093 2266 1327 2298 Pholadeorum
1350 2277 1452 2307 genus
1475 2266 1620 2298 mirabile
1643 2268 1676 2298 in
1699 2267 1838 2308 speciem
1862 2266 2014 2304 fossilem,
2037 2265 2213 2297 Pholadem

359 2319 606 2349 semicaudatam
639 2319 766 2356 (Bullet.
792 2320 897 2351 d‘hist.
923 2324 988 2352 nat.
1013 2321 1051 2352 de
1073 2321 1104 2353 la
1127 2321 1196 2353 Soc.
1222 2321 1314 2352 Linn.
1340 2322 1378 2353 de
1401 2322 1509 2361 Bord.)
1531 2322 1596 2362 jam
1623 2333 1707 2353 anno
1729 2322 1811 2353 1828
1838 2321 1995 2353 fundavit.
2049 2320 2213 2352 Posterius

361 2374 396 2404 G.
421 2373 455 2404 Β.
481 2374 631 2414 Sowerby
654 2374 900 2414 'l'riomphaliam
925 2376 1042 2407 creavit
1067 2376 1240 2408 Pholadem
1263 2377 1430 2417 globosam
1454 2378 1543 2418 Quoy
1566 2380 1598 2408 et
1621 2376 1722 2408 Gaim.
1748 2387 1804 2417 pro
1830 2377 1935 2417 specie
1957 2377 2064 2417 typica
2093 2375 2214 2416 resple-

361 2429 446 2459 ciens
470 2430 530 2465 (On
554 2440 573 2460 a
596 2440 664 2459 new
688 2440 788 2469 genus
811 2430 846 2461 of
867 2430 1059 2462 Pholadidae
1080 2431 1113 2462 in
1139 2431 1227 2463 Proc.
1252 2432 1287 2463 of
1300 2432 1355 2464 the
1381 2432 1466 2464 Zool.
1484 2431 1555 2464 Soc.
1572 2431 1607 2463 of
1621 2432 1720 2463 Lond.
1740 2431 1831 2463 1849.
1849 2442 1921 2473 pag.
1940 2431 2024 2471 160).
2069 2430 2215 2470 Denique

359 2483 466 2514 eodem
491 2494 574 2514 anno
599 2483 723 2515 Conrad
748 2485 779 2515 in
804 2485 892 2516 Proc.
917 2485 1012 2517 Acad.
1036 2485 1109 2517 Nat.
1133 2486 1183 2518 Sc.
1208 2486 1331 2519 Philad.
1348 2488 1378 2518 4.
1402 2498 1474 2528 pag.
1500 2487 1570 2526 156,
1594 2487 1669 2518 huic
1690 2487 1798 2528 generi
1820 2497 1936 2519 nomen
1962 2483 2210 2527 „Pholadopsis“

361 2539 531 2578 proposuit.

513 2593 631 2624 Beatus
655 2594 792 2634 Cuming
814 2597 955 2626 nostram
979 2596 1115 2636 speciem
1139 2596 1276 2628 Cor-allia
1298 2596 1513 2637 perforantem
1531 2596 1563 2628 in
1580 2596 1837 2638 Philippinarum
1854 2597 1959 2629 insula
1977 2596 2065 2628 Zebu
2082 2595 2215 2627 invenit.

516 2649 587 2680 Tria
611 2650 783 2690 specimina
805 2650 961 2690 Japonica
985 2651 1112 2683 adsunt.
