2317 3387
1156 288 1197 292 -
1245 272 1305 302 126
1349 288 1392 293 -

1160 358 1396 405 Naricacea.

1027 463 1153 497 Genus
1175 464 1312 499 Narica
1335 465 1476 499 Recluz
1488 465 1526 506 *).

873 540 1019 572 Narica
1051 541 1279 572 cancellata
1310 542 1467 573 Chemn.
1500 541 1682 582 (Nerita.)

503 608 669 648 Specimen
701 609 805 638 minus
834 610 952 646 exstat,
977 608 1063 648 quod
1085 608 1215 640 Noritae
1243 610 1436 640 cancellatae
1460 608 1653 641 Chemnitzii
1681 610 1857 650 generatim
1881 610 2060 650 respondet.
2109 610 2204 642 Testa

349 663 415 703 ejus
439 662 513 694 alba
535 663 728 694 decussatim
752 663 866 694 striata
889 666 920 694 et
944 663 1119 694 cancellata
1143 663 1192 694 vel
1215 664 1384 695 reticulata
1408 665 1607 696 anfractibus
1630 667 1756 696 constat
1778 664 1881 696 tribus
1897 665 2078 697 rotundatis
2096 666 2205 706 rapide

349 717 581 756 crescentibus3
605 720 753 758 apertura
777 717 887 758 patula
910 718 1144 756 semirotunda3
1169 719 1336 749 columella
1359 719 1507 759 obliqua3
1531 720 1702 751 umbilicus
1726 722 1893 759 angustus.

502 772 588 804 Mare
609 772 809 813 Japonicum.

1159 886 1389 932 Neritacea.

1086 984 1211 1034 Genus
1234 985 1364 1019 Nerita
1388 985 1468 1019 Lin.

1066 1061 1215 1093 Nerita
1246 1062 1383 1102 polita
1414 1062 1496 1093 Lin.

555 1127 626 1159 Syst.
646 1126 710 1152 Nat.
731 1126 770 1152 ed.
793 1126 831 1152 10.
852 1134 912 1159 pag.
934 1127 991 1153 778.
1029 1127 1114 1154 Lam.
1135 1129 1215 1154 anim.
1236 1137 1299 1154 sans
1319 1131 1385 1155 vert.
1406 1129 1445 1155 cd.
1467 1129 1489 1154 2.
1510 1129 1560 1155 vol.
1580 1129 1603 1155 8.
1623 1137 1684 1162 pag.
1705 1130 1761 1154 604.

503 1186 593 1218 Hanc
626 1187 762 1227 speciem
798 1187 1053 1226 vulgatissimam
1084 1188 1146 1219 late
1178 1189 1352 1230 dispersam
1384 1189 1457 1220 clar.
1490 1189 1660 1220 Lindholm
1695 1188 1873 1220 navarchus
1896 1189 1928 1219 in
1953 1188 2032 1220 freto
2069 1190 2204 1221 tatarico

348 1242 434 1283 legit.
462 1242 515 1273 cfr.
541 1241 704 1273 Sclirenck
728 1241 846 1272 Amurl.
872 1241 932 1272 vol.
957 1242 986 1272 2.
1011 1243 1096 1273 Moll.
1123 1254 1193 1283 pag.
1218 1244 1290 1274 380.

1033 1327 1179 1360 Nerita
1209 1329 1412 1360 albicella
1445 1328 1522 1360 Lin.

556 1395 626 1426 Syst.
646 1393 709 1419 Nat.
729 1392 769 1419 ed.
791 1394 829 1418 10.
849 1401 909 1426 pag.
931 1394 988 1419 773.
1028 1394 1185 1428 Ruinphii
1204 1396 1271 1421 Mus.
1292 1395 1356 1422 Tab.
1376 1395 1416 1421 22.
1437 1396 1482 1429 fig.
1502 1396 1525 1421 8.

502 1454 642 1485 Plurima
666 1454 840 1494 specimina
863 1454 941 1494 legit-
965 1455 1038 1485 clar.
1062 1455 1091 1486 J.
1116 1455 1197 1486 Rein
1221 1456 1328 1487 omnia
1353 1456 1416 1487 fere
1439 1456 1479 1487 ad
1504 1457 1691 1487 varietatem
1715 1456 1867 1487 minorem
1892 1456 2086 1496 pertinentia
2103 1457 2203 1497 nigro,

347 1510 420 1541 albo
443 1510 632 1549 cinereoque
655 1512 856 1543 marmorata,
881 1521 919 1540 ex
944 1512 1033 1549 parte
1056 1510 1164 1541 fasciis
1187 1511 1312 1542 duabus
1336 1512 1409 1542 latis
1432 1511 1546 1542 cincta.
1593 1511 1739 1542 Nerita
1768 1521 1838 1542 mea
1861 1514 2039 1542 venusta
2065 1522 2104 1542 ex
2129 1513 2204 1542 Am-

347 1565 453 1596 boinis
476 1564 589 1595 insulis
614 1564 780 1604 (Philippii
797 1563 878 1594 Abb.
897 1564 957 1595 vol.
980 1566 1004 1594 1.
1024 1576 1094 1605 pag.
1113 1565 1177 1606 86.)
1202 1566 1309 1597 fasciis
1333 1567 1437 1598 rubris
1461 1567 1557 1607 picta,
1581 1569 1671 1606 septo
1696 1566 1847 1606 labroque
1872 1566 2013 1597 laevibus
2038 1567 2204 1604 instructa,

348 1621 465 1661 pariter
488 1620 528 1650 ad
551 1619 633 1650 hanc
664 1619 801 1659 speciem
833 1619 947 1650 mirum
972 1619 1004 1650 in
1028 1620 1158 1651 modum
1182 1621 1369 1652 variabilem
1399 1621 1563 1652 referenda
1587 1624 1646 1659 est,
1670 1621 1755 1661 quod
1786 1632 1856 1652 mea
1886 1621 1982 1652 series
2013 1621 2204 1653 varietatum

348 1686 465 1716 magna
488 1675 520 1706 in
545 1675 639 1706 variis
663 1674 846 1714 regionibus
879 1675 1012 1706 collecta
1044 1686 1128 1707 nunc
1159 1676 1260 1707 docet.
1306 1676 1425 1708 Eodem
1449 1677 1543 1708 modo
1567 1677 1710 1717 suspicor
1740 1676 1925 1707 Ner-itam
1956 1686 2083 1717 quoque
2106 1687 2204 1708 mar-

347 1733 543 1762 moratam
567 1730 682 1761 Reevei
706 1729 768 1760 huc
792 1731 957 1770 pertinere.

1026 1806 1174 1838 Ner-ita
1204 1807 1409 1848 Japonica
1439 1807 1526 1839 Dkr.

555 1873 627 1899 Dkr.
648 1873 722 1898 Mon.
741 1872 800 1906 Jap.
821 1880 882 1906 pag.
904 1874 943 1899 18.
964 1872 1029 1899 Tab.
1049 1873 1072 1899 2.
1092 1874 1136 1907 fig.
1156 1874 1197 1900 23.

502 1934 549 1965 Ex
566 1945 602 1965 eo
619 1936 760 1973 tempore
784 1944 846 1973 quo
870 1933 953 1964 hanc
977 1933 1138 1965 cochleam
1163 1934 1182 1964 l.
1209 1945 1233 1965 c.
1259 1934 1411 1975 descripsi
1434 1934 1525 1974 plura
1552 1934 1727 1975 specimina
1749 1933 1858 1974 accepi
1880 1934 1994 1964 mirum
2018 1934 2050 1965 in
2073 1934 2202 1966 modum

347 1990 522 2021 variabilia.
569 1989 705 2029 Saepius
739 1988 901 2019 indusium
935 1991 1039 2020 testae
1071 1989 1198 2029 nigrum
1229 1989 1304 2020 hinc
1327 1989 1393 2020 illic
1423 2000 1547 2021 erosum
1579 1989 1750 2027 invenitur,
1776 1989 1822 2020 ita
1845 1991 1882 2020 ut
1904 1990 2041 2020 stratum
2072 1989 2204 2021 inferius

347 2046 455 2077 album
480 2045 527 2076 vel
551 2045 668 2075 flavum
692 2043 778 2074 cerni
801 2043 902 2084 possit
918 2046 951 2075 et
967 2045 1142 2084 specimina
1163 2045 1219 2075 tali
1237 2045 1331 2076 modo
1354 2045 1451 2076 adesa
1467 2047 1498 2076 et
1516 2055 1605 2076 erosa
1627 2045 1785 2085 picturam
1810 2046 2034 2075 marmoratam
2057 2045 2202 2076 offerant.

347 2101 528 2142 Specimina
552 2110 624 2130 vero
648 2099 852 2138 integerrima
875 2101 944 2129 atra
968 2100 1131 2139 punctulis
1155 2100 1238 2132 albis
1260 2110 1390 2140 aspersa
1405 2101 1454 2132 vel
1470 2100 1597 2141 pictura
1618 2099 1786 2130 reticulata
1809 2101 1923 2130 ornata
1939 2101 2025 2138 sunt,
2042 2099 2204 2131 interdum

347 2167 473 2197 quoque
496 2155 603 2187 fasciis
627 2154 730 2185 tribus
753 2154 942 2186 transversis
966 2157 1129 2186 notantur.

502 2210 583 2241 Clar.
608 2209 745 2241 Lischke
776 2209 913 2249 speciem
944 2212 1087 2241 nostram
1111 2210 1151 2241 ad
1174 2210 1211 2240 N.
1236 2210 1340 2251 picam
1369 2209 1499 2242 Gouldii
1529 2209 1725 2241 referendam
1749 2220 1816 2241 esse
1840 2211 1942 2249 putat,
1965 2209 2020 2240 sed
2043 2209 2203 2241 dubitatio

347 2267 454 2306 aliqua
478 2265 556 2296 mihi
578 2267 731 2302 remanet,
756 2275 832 2295 num
857 2275 906 2295 res
930 2264 976 2295 ita
1000 2276 1032 2295 sc
1056 2265 1183 2296 habeat.

752 2348 940 2380 Neritiua
971 2349 1165 2390 (Clithon)
1198 2349 1395 2390 adspersa
1426 2349 1577 2380 Recluz
1607 2348 1803 2390 (Nerita)'?

553 2413 644 2438 Journ.
671 2411 702 2438 de
729 2411 828 2438 Conch.
853 2412 925 2438 1853.
950 2420 1011 2446 pag.
1035 2413 1092 2439 31⁹.
1118 2412 1182 2438 Tab.
1204 2413 1225 2438 7.
1253 2413 1296 2445 fig.
1317 2413 1342 2438 G.
1365 2421 1416 2438 non
1443 2412 1568 2438 Neritina
1593 2419 1702 2446 aspersa
1728 2412 1824 2438 Recluz
1842 2412 1870 2438 in
1888 2412 2000 2438 Reeve
2019 2412 2116 2439 conch.
2137 2412 2204 2438 icon.

605 2462 673 2488 spec.
695 2454 750 2480 114.

503 2511 598 2542 Plura
628 2511 802 2550 specimina
826 2512 955 2541 exstant
980 2521 1076 2550 prope
1100 2509 1201 2541 Tokio
1232 2510 1323 2548 lecta,
1347 2521 1419 2542 cum
1443 2511 1534 2542 icone
1557 2513 1588 2542 et
1611 2510 1825 2551 descriptione
1847 2521 1943 2551 supra
1966 2510 2074 2542 citatis
2097 2510 2204 2550 aliquo

347 2567 441 2598 modo
464 2566 698 2597 convenientia.
746 2565 794 2596 Ad
817 2565 980 2597 Neritinas
1003 2565 1143 2596 marinas
1168 2566 1325 2606 pertinere
1349 2566 1483 2597 videtur.

503 2667 527 2700 *)
548 2666 623 2699 Quoy
643 2668 670 2692 et
691 2665 821 2692 Gainiard
841 2666 901 2691 huic
922 2666 1015 2699 generi
1034 2673 1128 2691 nomen
1148 2665 1292 2691 barbarum
1314 2665 1458 2697 Vanikoro,
1478 2665 1581 2692 insulae
1601 2666 1682 2692 maris
1702 2665 1806 2700 pacifici
1825 2665 2018 2698 imposuerunt.
