2379 3382
884 272 1116 303 *193-

694 356 818 391 Genus
841 356 1026 390 Gastrana
1050 355 1308 391 Schumacher.

388 434 597 466 Gastrana
624 434 897 466 Yantaiensis
921 434 1070 467 Crosse
1098 437 1137 467 et
1166 435 1364 467 Debeaux
1388 435 1610 476 (Fi-agilia).

285 502 376 528 Journ.
397 503 428 527 de
448 502 544 529 Conch.
564 502 613 528 vol.
639 503 677 528 ll.
699 502 771 528 1863.
797 510 858 536 pag.
878 502 916 528 78.
946 502 1008 528 ibid.
1034 510 1094 536 pag.
1121 502 1178 529 255.
1204 502 1267 529 Tab.
1288 504 1309 529 9.
1337 504 1380 535 fig.
1400 503 1422 528 2.
1467 503 1573 528 Reeve
1600 503 1694 529 Conch.
1723 504 1787 529 icon.
1816 503 1919 529 Tellina

335 553 402 579 spec.
422 546 479 571 295.

234 614 364 656 Species
388 617 471 646 testa
494 615 586 646 valde
609 626 714 646 crassa
742 605 979 655 ovato-trigona
1009 615 1185 654 irregulari,
1211 625 1326 655 rugosa
1356 618 1386 646 et
1414 615 1635 647 sublamellosa
1668 617 1809 656 insignis,
1842 616 1860 646 l.
1894 627 1918 646 c.

80 671 181 702 fusius
205 671 361 711 descripta
385 673 432 702 est
456 682 527 702 cum
551 671 758 711 inquisitione
781 671 961 702 anatomica
985 671 1057 702 clar.
1082 671 1212 702 Fischer
1234 671 1394 711 adjuncta.

233 726 395 766 Frequens
418 727 449 757 in
474 727 545 758 sinu
569 726 700 758 Yan-tai
723 727 808 758 dicto
832 726 952 758 Chinae
983 727 1241 767 septentrionalis
1271 728 1353 758 inter
1375 727 1496 767 lapides
1527 730 1695 758 excavatos
1726 730 1756 759 et
1789 727 1921 759 detritos

78 782 250 813 invenitur.
296 781 462 823 Specimen
486 784 629 813 nostrum
654 794 693 813 ex
717 782 853 823 Japonia
876 783 1017 820 allatum,
1041 782 1081 814 39
1105 783 1180 814 mill.
1205 783 1335 823 longum
1359 785 1414 814 est.

234 837 397 870 Concham
419 849 514 879 quam
538 839 610 869 clar.
636 838 674 869 de
697 837 858 869 Schrenck
881 838 1055 869 Amurland
1085 839 1145 870 vol.
1178 838 1206 869 2.
1238 839 1323 870 Zool.
1355 849 1425 879 pag.
1457 838 1528 870 559.
1561 838 1636 870 Tab.
1669 839 1717 870 22.
1747 840 1798 879 fig.
1831 840 1858 869 6.
1892 840 1920 870 7.

80 905 181 926 errore
204 896 318 934 captus
341 894 468 925 nomine
492 893 632 925 Tellinae
654 894 822 935 Bruguieri
845 893 937 925 Hanl.
963 894 1128 935 descripsit
1159 897 1188 926 et
1221 895 1401 932 delineavit.
1433 895 1472 925 ad
1503 895 1584 926 hanc
1615 897 1755 926 nostram
1786 895 1921 935 speciem

78 950 235 992 pertinere
259 951 392 982 videtur.

233 1006 355 1037 Nomen
390 1006 570 1046 genericum
607 1005 781 1046 „Fragilia“

820 1005 1012 1046 Deshayesii‚
1049 1007 1081 1037 in
1115 1005 1268 1037 Tellinam
1301 1006 1442 1047 fragilem
1476 1006 1610 1038 Linnaei
1644 1007 1820 1045 fundatum,
1850 1008 1923 1038 huic

81 1062 196 1102 speciei
228 1062 357 1093 minime
388 1062 567 1102 respondet.
597 1064 758 1103 praeterea
782 1062 862 1093 male.
885 1061 1054 1093 formatum
1089 1064 1119 1093 et
1148 1062 1405 1094 denominatione
1437 1062 1662 1094 Schumacheri
1693 1063 1802 1094 multis
1830 1064 1922 1094 annis

76 1118 186 1158 junius
210 1120 267 1149 est.

234 1174 318 1205 Haec
342 1173 518 1205 Gastranae
542 1174 662 1215 species
687 1173 914 1205 Petricolarum
938 1173 1036 1204 vitam
1060 1173 1173 1214 degere
1197 1174 1321 1205 videtur
1345 1173 1524 1215 discrepans
1548 1185 1619 1206 cum
1643 1174 1773 1206 Tellinis
1799 1175 1888 1205 veris.

615 1284 738 1318 Genus
761 1283 982 1326 Lucinopsis
1005 1284 1146 1319 Forbes
1169 1285 1207 1318 et
1230 1284 1387 1328 Hanley.

635 1363 887 1404 Lucinopsis
917 1363 1155 1395 divaricata
1182 1363 1366 1395 Lischke.

285 1430 382 1457 Malak.
403 1431 442 1457 Bl.
463 1430 512 1456 vol.
534 1431 572 1456 19.
593 1438 652 1464 pag.
675 1431 730 1457 108.
767 1431 826 1464 Jap.
847 1431 880 1457 M.
901 1430 997 1457 Conch.
1018 1430 1068 1456 vol.
1089 1431 1111 1456 3.
1131 1438 1191 1464 pag.
1214 1432 1254 1457 510.
1275 1431 1339 1457 Tab.
1361 1432 1383 1457 7.
1405 1433 1448 1464 fig.
1474 1431 1580 1457 12—14.

235 1492 330 1523 Plura
353 1492 527 1532 specimina
551 1494 688 1523 exstant.

234 1548 445 1588 Descriptioni
469 1547 686 1579 Lischkeanae
714 1548 790 1579 nihil
816 1548 917 1579 habeo
941 1547 1025 1588 quod
1050 1547 1205 1587 adjiciam.

487 1633 738 1674 Lucinopsis
769 1634 994 1665 decussata
1023 1633 1215 1674 Philippi
1247 1634 1513 1675 (Venerupis).

287 1702 378 1728 Enuni.
401 1701 519 1728 Mollusc.
540 1701 612 1727 Sicil.
632 1701 682 1728 vol.
705 1703 725 1727 1.
745 1709 806 1735 pag.
827 1701 866 1728 22.
887 1701 950 1728 Tab.
971 1702 993 1728 3.
1014 1702 1057 1735 fig.
1078 1702 1099 1727 5.
1120 1701 1170 1728 vol.
1190 1701 1212 1729 2.
1232 1710 1295 1738 pag.
1315 1702 1355 1728 20.

233 1762 307 1794 Tria
329 1763 502 1804 specimina
525 1764 653 1794 exstant
678 1774 749 1794 cum
772 1763 1009 1794 mediterraneis
1033 1763 1265 1794 convenientia.

233 1819 318 1850 Haec
341 1818 461 1850 concha
484 1819 598 1850 habitu
623 1819 784 1859 paululum
807 1818 968 1850 variabilis
992 1821 1048 1850 est.

906 1986 1102 2032 Donacea.

818 2093 941 2128 Genus
964 2093 1096 2129 Donax
1118 2094 1197 2129 Lin.

696 2170 844 2203 Donax
871 2173 1186 2213 semigranosus
1214 2174 1300 2205 Dkr.

78 2237 143 2264 Tab.
162 2240 254 2264 nostra
276 2239 297 2264 7.
320 2238 363 2271 fig.
386 2239 423 2264 14.
446 2240 483 2265 15.
503 2239 575 2265 latus
594 2240 729 2267 internum
748 2243 776 2267 et
794 2242 939 2267 externum.
960 2242 1006 2274 fig.
1027 2242 1064 2267 16.
1091 2250 1151 2275 pars
1171 2244 1297 2268 truncata
1316 2242 1447 2275 posterior
1466 2240 1652 2274 magnitudine
1678 2244 1757 2268 aucta
1779 2241 1922 2269 delineata.

292 2298 390 2325 Malak.
411 2298 452 2325 Bl.
471 2299 521 2325 vol.
541 2299 580 2326 24.
600 2308 660 2333 pag.
681 2300 720 2327 68.
757 2301 871 2327 Donax
891 2301 1020 2334 Dysoni
1037 2301 1185 2328 Lischke
1205 2301 1263 2335 Jap.
1284 2302 1318 2328 M.
1340 2301 1435 2327 Conch.
1461 2301 1510 2328 vol.
1531 2302 1553 2327 2.
1574 2309 1634 2335 pag.
1657 2302 1712 2328 112.
1739 2302 1788 2328 vol.
1808 2303 1830 2329 3.
1862 2311 1922 2337 pag.

342 2341 383 2368 91.
403 2350 465 2368 non
488 2343 603 2368 Donax
621 2343 750 2377 Dysoni
771 2344 867 2371 Desh.
904 2344 977 2371 Proc.
998 2345 1067 2371 Zool.
1088 2345 1143 2371 Soc.
1168 2345 1239 2372 1854.
1259 2353 1320 2379 pag.
1341 2345 1398 2371 353.

233 2403 327 2435 Testa
349 2403 639 2443 trigono-cuneata,
663 2405 767 2436 antice
790 2407 958 2437 attenuata
981 2408 1012 2438 et
1028 2407 1157 2447 paulum
1174 2417 1362 2447 compressa⁷
1385 2406 1552 2437 tenerrime
1569 2405 1781 2446 radiatimque
1797 2407 1918 2445 striata,

77 2470 178 2500 paene
201 2459 307 2498 laevis,
333 2459 453 2500 postice
475 2460 635 2500 perbrevis
659 2460 793 2502 abrupte
816 2461 956 2500 declivis,
981 2462 1131 2502 utrinque
1160 2461 1384 2502 obtusangula,
1417 2461 1512 2493 sulcis
1542 2461 1742 2493 radiantibus
1775 2462 1926 2502 rugisque

78 2515 269 2547 transversis
293 2526 440 2556 granosa,
463 2516 551 2547 intus
574 2518 731 2557 extusque
754 2517 828 2548 alba
850 2517 899 2549 vel
921 2517 1017 2549 latere
1041 2520 1166 2549 tantum
1190 2518 1315 2550 interno
1339 2518 1441 2549 colore
1464 2517 1612 2556 violaceo⁷
1636 2528 1726 2549 roseo
1749 2520 1805 2549 aut
1831 2519 1926 2550 flave-

78 2574 186 2603 scente
202 2572 319 2610 tincta;
339 2571 545 2612 ligamentum
562 2574 597 2603 ut
614 2572 644 2603 in
663 2583 776 2613 genere
792 2573 881 2612 solet,
900 2573 1111 2613 breviculum3
1130 2574 1297 2615 epidermis
1314 2574 1428 2615 pallide
1445 2584 1567 2612 cornea,
1584 2574 1762 2612 tenerrima,
1781 2574 1923 2606 decidua.

83 2626 229 2658 Cal-dinis
260 2629 420 2658 structura
454 2628 497 2658 nil
532 2628 691 2669 singulare
724 2629 824 2661 offert.
883 2628 1036 2662 Crenulae
1069 2630 1259 2671 marginales
1294 2630 1397 2661 latus*
1417 2630 1558 2661 anticum
1593 2640 1700 2662 versus
1737 2629 1926 2662 obliteratae

80 2685 241 2724 postremo
266 2686 468 2714 evanescunt.

147 2742 266 2774 Dunker,
285 2741 357 2768 Mon.
377 2741 435 2776 Jap.
455 2750 519 2769 mar.
1621 2737 1661 2768 25
