2379 3382
874 260 1107 291 —197—

730 345 855 379 Genus
878 345 1029 379 Gemma
1051 343 1253 387 Deshayes.

752 422 778 454 G
790 434 844 454 em
855 435 886 454 111
897 436 913 454 a
947 422 1106 453 Totteni
1137 422 1220 453 Dkr.

270 491 378 516 Venus
397 498 526 524 gemma
546 490 672 515 Totten
693 490 739 516 Sil.
759 490 850 517 Journ.
871 490 934 516 Tab.
955 489 996 515 26.
1019 490 1062 522 rig.
1083 489 1105 515 2.
1144 489 1254 514 Gould
1277 490 1338 523 [ἴτην.
1360 490 1458 516 Invert.
1478 491 1556 517 Mass.
1576 499 1635 524 pag.
1657 492 1695 516 ³³3.
1715 493 1759 524 rig,
1780 492 1819 517 51.

221 552 305 583 Haec
330 551 486 583 conchula
509 562 545 582 ex
571 551 716 582 America
740 551 857 582 boreali
882 551 1058 587 notissima,
1084 552 1170 581 teste
1194 551 1229 581 A.
1256 550 1372 581 Adams
1389 552 1482 582 maris
1500 562 1626 592 quoque
1648 553 1791 592 Japonici
1810 552 1913 583 incola

64 610 120 640 est.
167 607 264 640 Sinus
288 607 407 638 Aniwa.
443 606 517 646 (Cfr.
542 606 623 637 Ann.
648 609 678 637 et
702 605 882 647 Mag-[Nat.
908 607 988 637 Hist.
1014 606 1106 637 1869.
1131 617 1201 646 pag.
1227 605 1312 645 230.)

675 725 800 759 Genus
826 725 1143 769 Cryptogramma
1165 725 1303 759 ΜόΓοΙι.

539 803 880 844 Cryptogramma
910 815 1131 845 squamosa
1160 804 1242 835 Lin.
1274 804 1438 844 (Venus).

270 872 348 897 Sow.
369 870 445 897 Thes.
466 871 561 897 Conch.
583 870 647 896 Tab.
675 871 732 896 156.
752 871 796 904 fig.
817 871 857 898 83.
877 872 916 898 84.

221 932 295 973 Cap.
320 932 431 967 Nomo,
454 931 578 962 Kiusiu.
627 933 662 962 A.
687 932 805 963 Adams
828 933 847 964 l.
873 944 898 964 c.
924 944 994 974 pag.
1019 933 1090 964 230.

542 1025 881 1066 Cryptogramma
911 1026 1103 1058 Roemeri
1133 1025 1225 1056 Dkr.
1260 1024 1430 1065 (Venus).

275 1093 348 1120 Moll.
368 1093 427 1127 Jap.
447 1101 507 1127 pag.
527 1093 567 1119 26.
588 1093 652 1120 Tab.
673 1094 695 1119 3.
718 1093 762 1127 fig.
784 1094 822 1119 10.

219 1153 400 1196 Specimina
422 1154 513 1194 plura
535 1155 650 1185 iterum
673 1155 756 1185 lecta
784 1157 858 1186 sunt
884 1155 992 1195 strigis
1023 1154 1232 1186 radiantibus
1255 1154 1352 1186 fuscis
1375 1155 1446 1195 plus
1469 1155 1612 1186 minusve
1642 1154 1756 1184 vividis
1786 1156 1914 1192 ornata;

64 1212 148 1243 color
172 1222 262 1242 areae
285 1210 476 1250 lunulaeque
506 1211 622 1250 pariter
652 1210 760 1242 fuscus
785 1213 844 1242 est.
889 1210 925 1242 In
949 1210 1114 1242 nonnullis
1140 1213 1247 1242 costae
1270 1210 1434 1250 perspicue
1462 1210 1602 1241 eminent
1624 1209 1802 1250 geminatae
1826 1212 1914 1241 costa

64 1267 199 1308 simplici
227 1266 399 1307 sejunctae.

219 1323 304 1354 Haec
328 1322 449 1353 concha
472 1322 675 1354 antecedenti
698 1323 844 1363 proxima
868 1333 990 1363 semper
1013 1325 1165 1354 constans
1190 1325 1221 1354 et
1244 1322 1420 1363 aequabilis
1444 1333 1512 1353 esse
1534 1322 1666 1354 videtur.

217 1378 495 1420 Cryptogrammae
518 1378 706 1410 divisionem
737 1378 928 1409 concharum
952 1378 1235 1410 Venerinaeearum
1259 1379 1460 1410 constituunt
1483 1378 1563 1409 bene
1585 1377 1795 1409 terminatam.

600 1497 724 1532 Genus
748 1497 889 1532 Chione
911 1498 1078 1541 Megerle
1104 1498 1150 1532 (le
1173 1496 1382 1531 Miihlfeldt.

645 1576 802 1608 Chione
830 1577 984 1609 marica
1011 1577 1092 1608 Lin.
1123 1576 1291 1617 (Venus).

271 1644 341 1678 Syst.
356 1644 419 1670 Nat.
431 1643 470 1669 ed.
483 1643 526 1670 12.
539 1652 598 1677 pag.
612 1644 686 1670 1130.
725 1645 802 1670 Sow.
822 1645 899 1671 Thes.
911 1645 1007 1671 Conch.
1020 1645 1071 1671 vol.
1084 1645 1106 1671 2.
1118 1653 1179 1679 pag.
1191 1644 1248 1670 719.
1260 1643 1324 1671 Tab.
1340 1645 1394 1670 157.
1408 1644 1452 1677 rig.
1470 1644 1609 1669 107—110.
1646 1643 1768 1676 (Venus
1787 1642 1913 1668 marica

321 1687 438 1713 Bornii
458 1689 499 1712 est
521 1687 549 1713 V.
570 1687 762 1720 granulata
782 1688 883 1715 Gniel.
903 1697 933 1714 ex
953 1696 1050 1715 oceano
1070 1687 1248 1721 Americano.)

218 1748 383 1789 Specimen
406 1759 506 1780 unum
528 1748 618 1780 adest
640 1748 830 1789 Japonieum
853 1750 937 1790 quod
961 1749 1125 1790 expalluit.
1171 1749 1364 1780 Varietatem
1388 1749 1500 1780 coloris
1524 1751 1554 1779 et
1578 1749 1719 1789 picturae
1744 1759 1783 1778 ex
1807 1747 1914 1778 Anda-

67 1805 169 1836 manis
193 1805 305 1836 insulis
328 1805 434 1845 accepi
458 1815 528 1836 cum
552 1805 642 1835 icone
669 1805 881 1846 Sowerbyana
907 1806 967 1838 109
989 1807 1083 1847 plane
1108 1806 1358 1838 convenientem.

634 1898 792 1931 Chione
822 1899 1030 1931 crenifera
1059 1898 1156 1930 Sow.
1182 1898 1350 1939 (Venus).

269 1965 372 1992 Wood
392 1966 482 2000 Suppl.
502 1966 623 2000 (Hanle
633 1967 660 2000 y)
680 1967 744 1993 Tab.
767 1968 805 1993 10.
819 1967 864 2001 fig.
878 1967 918 1994 30.
956 1968 986 1993 A.
1006 1966 1129 1992 Adams
1149 1965 1217 1992 Ann.
1238 1965 1290 1992 and
1304 1967 1375 1999 Mag.
1391 1965 1464 1992 1869.
1478 1973 1540 2000 pag.
1552 1965 1609 1992 230.
1623 1973 1655 1985 Ξ
1676 1965 1784 1991 Venus
1802 1965 1914 1990 Porte-

321 2009 420 2036 siana
439 2009 512 2035 Orb⁴

219 2070 402 2103 Seto-Uchi.
448 2071 575 2102 Adams.

616 2156 774 2189 Chione
810 2158 1035 2189 intersecta
1066 2156 1162 2188 Sow.
1192 2157 1365 2197 (Venus).

270 2224 347 2250 Thes.
367 2223 464 2250 Conch.
485 2223 549 2250 Tab.
571 2224 630 2250 155.
651 2224 695 2258 fig.
716 2225 756 2251 59.
776 2225 816 2251 60.
854 2226 920 2252 Anu.
942 2225 1012 2259 Mag.
1034 2225 1107 2251 1869.
1127 2232 1187 2259 pag.
1207 2224 1264 2251 230.

222 2284 405 2316 Seto-Uehi.
453 2284 579 2316 Adams.

220 2340 305 2372 Haec
328 2342 361 2371 et
384 2340 504 2372 concha
534 2341 725 2372 antecedens
758 2342 840 2373 inter
870 2341 1024 2373 Mollusca
1055 2341 1211 2383 Japonica
1240 2340 1319 2373 mihi
1352 2341 1475 2373 desunt.
1529 2340 1695 2378 Quaeritur
1725 2350 1798 2371 num
1830 2342 1915 2371 recte

68 2395 295 2429 determinatae
318 2397 383 2428 sint
405 2396 446 2427 ab
471 2395 630 2428 Adamsio.

440 2490 595 2523 Chione
623 2490 862 2532 (Chamelea)
893 2492 1053 2523 striata
1083 2490 1341 2523 Chemnitzii
1371 2491 1539 2533 (Venus).

273 2558 369 2585 Conch.
390 2558 453 2585 Cab.
472 2559 522 2585 vol.
542 2559 564 2585 6.
585 2567 646 2593 pag.
667 2559 724 2585 358.
745 2558 809 2585 Tab.
829 2559 870 2585 34.
890 2559 935 2593 fig.
956 2559 1014 2586 365.
1033 2559 1091 2586 3613.

222 2619 357 2651 Unicum
390 2621 517 2652 tantum
551 2621 710 2660 specimen
740 2622 848 2652 exstat
876 2621 1092 2652 decoloratum
1123 2623 1155 2652 et
1185 2620 1325 2652 adesum.
1381 2620 1460 2652 Cum
1490 2621 1549 2653 hac
1579 2621 1682 2661 specie
1711 2620 1912 2662 pervariabili

67 2674 245 2715 jungendae
267 2678 343 2707 sunt
365 2675 500 2708 Veneres
529 2677 656 2708 litei-ata
679 2676 809 2708 Chemn.
835 2677 953 2709 Conch.
979 2677 1055 2709 Cab.
1080 2677 1132 2717 fig.
1158 2677 1230 2709 364.
1255 2679 1332 2714 (non
1356 2678 1483 2710 literata
1506 2677 1659 2716 Linnaei),
1693 2676 1726 2707 V.
1757 2676 1912 2717 Japonica
