2317 3387
1184 264 1396 297 -78-

966 349 1250 390 Styloptygma
1283 361 1441 382 cereum
1477 352 1511 382 A.
1547 352 1611 382 Ad.

526 403 785 435 Takano-shima.

965 473 1250 515 Styloptygma
1285 474 1449 506 larvula
1485 475 1519 506 A.
1545 475 1608 506 Ad.

525 527 680 560 0—sh'1ma.

903 596 1194 638 Styloptygma
1227 599 1508 631 subuliforme
1542 599 1576 630 A.
1612 599 1678 630 Ad.

526 652 716 684 Tsu-shima.

525 732 781 775 Styloptygmala
803 733 962 774 Puparnm
986 734 1033 765 vel
1056 734 1277 766 Clausiliarum
1311 734 1456 766 habitum
1490 735 1597 774 aliqua
1620 745 1659 766 ex
1683 738 1771 775 parte
1801 738 2047 775 repraesentant.
2098 737 2210 770 Melius

371 788 514 829 Syrnolis
537 789 703 821 inserenda
726 789 803 821 mihi
827 789 986 820 videntur.

1040 916 1164 950 Genus
1186 916 1300 951 Elusa
1323 916 1366 950 A.
1390 916 1538 951 Adams.

1041 1003 1163 1035 Elusa
1197 1003 1365 1044 gracilis
1404 1004 1439 1035 A.
1474 1003 1538 1034 Ad.

577 1069 807 1104 Pyramidella
831 1070 976 1103 gracilis
1000 1070 1029 1096 A.
1056 1070 1108 1096 Ad.
1147 1070 1224 1096 Sow.
1251 1070 1326 1096 Thes.
1348 1070 1396 1096 vol.
1417 1070 1439 1096 2.
1461 1078 1523 1104 pag.
1540 1071 1598 1097 815.
1619 1070 1683 1097 Tab.
1706 1070 1760 1097 172.
1779 1071 1823 1104 fig.
1846 1071 1883 1098 14.
1906 1072 1943 1098 15.
1980 1072 2054 1098 Proc.
2070 1072 2138 1098 Zool.
2153 1072 2209 1099 Soc.

628 1113 699 1141 1862.
720 1120 779 1146 pag.
799 1112 859 1138 237.

526 1174 669 1207 Yobuko.

1032 1241 1152 1272 Elusa
1188 1241 1376 1273 subulata
1412 1241 1446 1271 Α.
1485 1241 1547 1272 Ad.

576 1305 808 1339 Pyramidella
833 1303 998 1330 subulata
1024 1304 1053 1330 A.
1079 1303 1133 1330 Ad.
1171 1305 1248 1330 sow.
1268 1303 1345 1330 Thes.
1365 1303 1414 1330 vol.
1433 1304 1456 1330 2.
1478 1312 1539 1336 pag.
1558 1304 1618 1330 815.
1638 1303 1703 1329 Tab.
1724 1303 1779 1330 172.
1799 1303 1843 1337 fig.
1864 1304 1902 1330 13.

525 1363 680 1395 O-shima.

1035 1429 1160 1461 Elusa
1195 1429 1381 1460 castanea
1416 1428 1452 1458 A.
1488 1427 1554 1459 Ad.

574 1494 647 1520 Proc.
667 1493 735 1519 Zool.
756 1494 811 1519 Soc.
833 1492 904 1518 1802.
927 1500 988 1526 pag.
1009 1492 1069 1519 237.

524 1541 679 1573 0-sl1ima.

1071 1608 1193 1640 Elusa
1227 1608 1349 1640 badia
1381 1607 1416 1638 A.
1452 1607 1509 1639 Ad.

575 1666 649 1691 Proc.
669 1664 685 1691 1.
706 1672 729 1690 c.

525 1713 680 1746 O-shima.

1012 1779 1133 1810 Elusa
1164 1778 1393 1818 strigulata
1427 1777 1462 1809 A.
1498 1778 1565 1809 Ad.

576 1836 592 1862 l.
612 1844 631 1862 c.

528 1884 670 1916 Yobuko.

984 1949 1109 1981 Elusa
1144 1949 1417 1981 cinnamomea
1451 1949 1486 1980 A.
1521 1949 1586 1981 Ad.

524 2008 680 2040 0-shima.

524 2064 604 2095 Clar.
629 2064 746 2094 Adams
769 2062 826 2093 has
850 2060 1027 2093 cochleolas
1049 2062 1145 2091 antea
1167 2071 1236 2091 cum
1260 2059 1477 2100 Pyramidellis
1494 2059 1672 2100 conjunxit,
1694 2071 1770 2092 sane
1787 2060 1915 2101 quidem
1929 2060 2042 2093 habitu
2060 2060 2209 2093 diversas.

370 2120 434 2153 Nec
457 2132 520 2152 una
543 2130 648 2151 earum
673 2119 704 2150 in
728 2117 913 2150 collectione
936 2119 1051 2148 exstat.

823 2254 946 2287 Genus
969 2252 1189 2287 Turbonilla
1211 2252 1321 2286 Risso
1346 2251 1589 2293 (Chemnitzia
1613 2251 1758 2293 ‹1⁴01·l›.).

997 2340 1240 2372 Turbonilla
1272 2340 1460 2371 varicosa
1490 2338 1577 2369 Dkr.

577 2409 673 2435 Malak.
693 2408 732 2434 Bl.
753 2408 802 2434 vol.
823 2408 845 2434 6,
866 2415 926 2441 pag.
947 2407 1006 2434 239.
1044 2408 1116 2434 Mon.
1135 2407 1193 2441 Jap.
1213 2414 1273 2440 pag.
1297 2407 1334 2432 15.
1354 2405 1418 2432 Tab.
1437 2405 1460 2432 2.
1480 2406 1524 2439 fig.
1545 2406 1566 2431 5.

527 2471 641 2503 Portus
658 2469 849 2501 De-shimae.

957 2545 1198 2577 Turbonilla
1232 2543 1497 2584 Philippiana
1530 2543 1621 2574 Dkr.

575 2613 672 2640 Malak.
693 2613 733 2639 Bl.
753 2613 803 2639 vol.
823 2614 845 2639 fi.
865 2621 928 2646 pag.
947 2613 1004 2639 239.
1042 2612 1115 2639 Mon.
1133 2613 1192 2647 Jap.
1212 2620 1271 2646 pag.
1294 2612 1332 2638 16.
1352 2610 1417 2637 Tab.
1438 2611 1459 2637 1.
1478 2612 1524 2644 fig.
1546 2611 1583 2638 12.
1603 2618 1693 2644 magn.
1713 2611 1800 2636 aucta.

525 2671 637 2702 Portus
660 2669 771 2702 De-shi
779 2681 856 2702 mae.
