2379 3382
918 248 1128 280 —93-

93 333 258 367 Theodoro
282 333 470 366 Loebbecke
493 345 509 365 e
532 334 610 365 mari
638 333 733 365 rubro
756 333 918 373 quondam
941 335 1102 374 reportata
1132 336 1242 365 nostro
1269 334 1424 376 Japonico
1458 336 1587 368 omnino
1622 337 1824 378 respondent,
1856 337 1940 378 qnod

93 390 287 431 epidermide
310 390 399 421 firma
422 400 536 421 cornea
559 390 682 420 nitente
705 389 879 421 obductum
903 391 960 420 est.

246 446 331 477 Haec
354 448 386 477 et
409 456 491 486 quae
514 445 675 476 antecedit
698 445 818 486 species
841 444 881 475 ad
905 444 1086 476 Coronaxin
1112 444 1293 477 Swainsoni
1316 447 1485 487 pertinent.

652 564 786 596 Conus
810 564 1102 604 ‚Lisehkeanus
1136 565 1383 597 Weinkauff.

299 633 369 701 Mali·
378 634 397 658 t.
418 634 449 658 et
468 631 598 701 ggioemn.
619 631 715 658 Conch.
736 631 799 658 Cab.
820 631 860 658 cd.
880 631 905 657 2-
923 633 946 659 4.
967 640 1027 666 pag.
1048 632 1105 658 311.
1126 632 1190 660 Tab.
1211 634 1250 660 56.
1271 633 1315 667 fig.
1336 633 1358 660 2.
1378 634 1401 660 3.
1439 634 1497 660 Cat.
1508 633 1601 660 Jahrb.
1616 633 1662 659 der
1675 633 1774 660 malak.
1794 633 1939 660 Gesellsch.

366 696 371 702 .
391 683 452 709 pag.
524 695 529 702 .

245 736 368 767 Kiusiu.

252 791 420 833 Speeimen
453 792 581 823 unicum
605 801 624 822 a
647 791 720 822 clar.
744 791 773 822 J.
798 791 878 822 Rein
901 791 1017 823 lectum
1042 791 1277 833 aliquantulum
1312 792 1462 823 detritum
1487 795 1545 831 est,
1569 793 1776 824 nihilominus
1806 794 1942 834 vestigia

91 848 294 889 epidermidis
328 847 435 879 fuscae
468 848 501 878 in
537 846 735 878 anfractibus
771 847 991 879 eanaliculatis
1025 848 1272 880 lamellosae-in
1304 859 1340 879 eo
1373 848 1620 890 conspiciuntur.
1668 849 1715 880 Ad
1746 849 1941 881 Lithoconos

90 904 224 936 Morehii
246 904 394 946 pertinet.

736 991 784 1024 Co
795 1004 864 1024 nus
896 992 1144 1025 tessellatus
1179 993 1294 1024 Boru.

296 1061 362 1087 Mus.
383 1061 456 1088 Caes„
476 1068 537 1094 pag.
558 1060 615 1086 151.
652 1060 818 1086 Laniarck
837 1061 916 1086 anim.
936 1069 998 1086 sans
1017 1061 1084 1086 vert.
1104 1061 1154 1087 vol.
1177 1062 1215 1086 11.
1234 1068 1297 1094 pag.
1317 1060 1358 1087 39.
1395 1060 1500 1086 Reeve
1519 1061 1616 1087 Conch.
1631 1061 1757 1087 ic0n.vo1.
1771 1062 1871 1095 1.spec.
1885 1061 1941 1088 163.

247 1122 413 1163 Specimen
437 1132 536 1152 unum
558 1121 649 1153 adest
673 1122 806 1153 maculis
829 1121 1120 1162 subquadrangulis
1145 1133 1184 1152 ex
1207 1124 1296 1162 parte
1320 1122 1554 1153 confluentibus
1577 1122 1707 1163 pictum.

244 1178 371 1220 Species
394 1180 427 1211 in
451 1179 530 1211 mari
553 1178 662 1210 Indico
686 1178 772 1209 haud
795 1189 875 1216 rara,
899 1178 1017 1219 pariter
1039 1178 1080 1209 ad
1103 1177 1298 1208 Lithoconos
1322 1178 1494 1218 pertinens.

245 1236 385 1277 „Harasa
408 1235 478 1276 gai“
503 1235 708 1276 Japanorum.

736 1341 873 1373 Conus
908 1341 1119 1373 Sieboldii
1152 1341 1289 1372 Reeve.

295 1410 390 1436 Conch.
410 1411 475 1437 icon.
496 1409 546 1436 vol.
568 1411 590 1436 1.
610 1410 701 1444 Suppl.
721 1409 786 1436 Tab.
808 1411 830 1436 1.
850 1417 918 1443 spec.
940 1409 997 1435 269.
1035 1410 1066 1435 G.
1091 1409 1119 1435 Β.
1140 1408 1297 1442 Sowerby
1317 1408 1394 1434 Thes
1415 1407 1511 1434 Conch.
1531 1408 1580 1434 vol.
1602 1408 1626 1434 3.
1645 1416 1706 1442 pag.
1728 1408 1766 1434 13.
1786 1408 1831 1442 fig.
1848 1408 1906 1434 369.

244 1471 339 1503 Testa
355 1471 642 1511 elongato-conica,
666 1471 839 1503 tenuicula.
858 1470 948 1509 alba,
971 1471 1106 1502 maculis
1129 1470 1301 1511 strigisque
1324 1469 1422 1501 fuscis
1445 1470 1564 1510 sparsis
1580 1470 1716 1511 signata,
1740 1470 1826 1501 striis
1842 1470 1942 1501 incre-

88 1528 188 1559 menti
212 1528 391 1559 tenerrimis
414 1528 588 1565 instructa;
612 1527 697 1568 spira
721 1529 848 1558 exserta
871 1527 1056 1558 acuminata
1086 1527 1236 1566 gradata3
1265 1525 1428 1557 anfractus
1457 1526 1624 1558 duodecim
1655 1526 1695 1557 ad
1724 1526 1864 1557 carinam
1889 1536 1942 1556 ex—

88 1583 212 1624 c⁴avati3
236 1583 358 1615 labrum
381 1585 478 1615 tenue
501 1583 612 1615 lexiter
635 1584 819 1622 arcuaturn;
844 1583 1013 1624 epidermis
1037 1582 1165 1614 subtilis
1187 1582 1314 1614 fibrosa.

241 1639 327 1671 Inter
349 1639 504 1671 Mollusca
525 1639 679 1680 Japonica
704 1639 862 1679 specimen
894 1639 1134 1679 integerrimum
1157 1638 1197 1670 57
1222 1638 1297 1669 mill.
1323 1638 1433 1676 altum,
1458 1637 1500 1669 24
1521 1638 1622 1669 latum
1653 1639 1760 1669 exstat
1794 1637 1941 1668 iconibus

88 1706 184 1737 supra
207 1696 314 1727 citatis
336 1696 443 1737 paullo
465 1695 578 1736 majus.
626 1694 840 1736 (Leptoconus
864 1693 1011 1735 Swains.)

246 1751 382 1792 „Acome
404 1751 474 1792 gai“
501 1751 706 1792 Japanorum.

705 1858 842 1890 Conus
876 1857 1082 1898 Orbignyi
1116 1857 1315 1888 Audouin.

293 1940 366 1974 Mag.
385 1939 418 1966 de
436 1940 506 1966 ΖοοΙ.
530 1939 700 1966 Moll.1838.
729 1938 794 1965 Tab.
815 1938 855 1965 20.
893 1939 1003 1964 Conus
1032 1938 1296 1972 planicostatus
1324 1936 1488 1970 Sowerby.
1528 1936 1624 1963 Conch.
1653 1936 1695 1963 Ill.
1726 1936 1798 1962 1840.
1836 1936 1939 1961 Reeve

345 1982 442 2009 Conch.
461 1983 527 2009 icon.
547 1982 599 2009 vol.
620 1983 642 2008 1.
663 1982 751 2008 Conus
770 1989 838 2016 spec.
860 1982 898 2007 1'1'.

243 2043 425 2085 specimina
446 2044 569 2076 minora
592 2044 710 2075 detrita
734 2045 764 2074 et
788 2043 875 2074 laesa
897 2042 979 2073 lecta
1002 2045 1087 2073 sunt.

242 2099 323 2132 Clar.
348 2100 451 2132 Reeve
475 2103 506 2131 et
528 2099 679 2140 Sowerby
704 2098 826 2130 Conum
850 2099 1046 2139 insculptum
1069 2097 1197 2128 Kieneri
1223 2096 1309 2138 (Icon
1334 2095 1410 2138 Coq.
1434 2098 1496 2128 viv.
1514 2096 1591 2128 Tab.
1609 2096 1650 2128 99
1666 2096 1718 2137 fig.
1736 2096 1766 2135 2,
1790 2095 1941 2136 Sowerby

86 2158 178 2190 Thes.
203 2154 322 2188 Conch.
347 2157 407 2189 vol.
431 2156 460 2188 3.
485 2167 556 2198 pag.
582 2156 631 2187 12.
658 2156 709 2196 fig.
736 2155 810 2195 363)
835 2166 891 2196 pro
914 2155 1069 2186 varietate
1092 2153 1155 2184 huc
1187 2153 1385 2184 referendum
1416 2164 1484 2184 esse
1513 2155 1639 2194 putant.
1671 2153 1756 2194 quod
1788 2163 1846 2193 ego
1876 2163 1940 2183 non

85 2215 336 2257 approbaverim,
370 2225 442 2246 cum
475 2213 554 2244 haec
584 2212 706 2253 speeies
740 2211 854 2243 habitu
885 2210 985 2242 multo
1020 2209 1151 2248 minore,
1185 2209 1359 2250 graciliore,
1391 2209 1493 2241 colore
1524 2209 1640 2250 pallide
1670 2209 1758 2240 fusco
1790 2219 1848 2240 nee
1876 2219 1941 2240 non

87 2272 253 2313 sculptura
274 2272 357 2303 inter
379 2270 484 2301 sulcos
508 2268 683 2300 cancellata
707 2268 787 2299 satis
811 2267 935 2299 differre
958 2266 1036 2297 mihi
1061 2265 1215 2297 videatur.

239 2327 362 2358 Pariter
384 2326 424 2357 ad
447 2325 648 2366 Leptoconos
671 2324 853 2355 Swainsoni
876 2323 1024 2364 pertinet.

810 2434 945 2467 Conus
981 2434 1096 2466 miles
1129 2433 1211 2464 Lin.

292 2506 363 2539 Syst.
382 2504 446 2530 Nat.
465 2504 504 2530 ed.
527 2503 564 2530 12.
584 2511 646 2537 pag.
667 2503 741 2529 1167.
778 2502 937 2537 Rumphii
959 2502 1027 2528 Mus.
1047 2501 1113 2528 Tab.
1132 2501 1173 2527 33.
1193 2500 1238 2533 fig.
1258 2500 1298 2526 W.
1318 2501 1468 2527 Martini
1496 2500 1594 2527 Conch.
1620 2499 1683 2526 Cab.
1704 2499 1754 2525 vol.
1775 2499 1797 2525 2.
1817 2499 1861 2531 fig.
1882 2499 1938 2524 665.

342 2547 399 2574 664.
419 2547 524 2574 Reeve
544 2547 642 2573 Conch.
665 2547 732 2573 icon.
752 2546 803 2573 vol.
825 2547 847 2573 1.
868 2553 936 2580 spec.
957 2546 980 2572 9.
1000 2545 1145 2579 (exemplar
1165 2543 1344 2577 giganteum).

243 2608 409 2650 Specimen
443 2619 574 2649 parvum
612 2609 644 2639 in
680 2610 790 2639 nostra
825 2606 1050 2639 Molluscorum
1088 2605 1315 2646 Japonieorum
1351 2604 1538 2636 collectione
1573 2606 1689 2636 exstat.
1736 2602 1872 2634 cochlea
1906 2602 1939 2633 in

83 2665 305 2697 remotissimis
326 2664 510 2705 regionibus
533 2664 629 2696 obvia
652 2664 691 2695 ad
715 2663 916 2695 Rhizoeonos
940 2662 1073 2693 Morchii
1096 2662 1243 2703 pertinet.
