2379 3382
920 253 1154 284 ——217—

268 339 354 371 Haec
377 339 497 380 speeies
521 340 680 371 anomalia
704 340 841 380 quadam
864 339 998 377 laborat,
1021 350 1094 371 eum
1117 342 1222 371 aetate
1247 339 1382 380 juvenili
1405 342 1491 373 striis
1515 342 1642 381 quidem
1665 342 1863 382 regularibus
1887 354 1963 374 con-

114 395 262 426 centricis
296 395 453 426 instructa
475 395 526 434 sit,
551 395 605 426 sed
629 397 734 426 aetate
764 394 959 436 provectiore
990 395 1086 426 striae
1116 395 1187 426 illae
1218 395 1403 427 incrementi
1435 400 1620 437 corrugatae
1650 398 1737 429 fiant.
1785 398 1886 430 Cardo
1920 399 1963 429 nil

115 450 274 491 singulare
298 451 408 489 offert3
440 451 662 491 impressiones
686 451 901 482 musculorum
923 450 1071 490 lineaque
1086 450 1174 490 pallii
1191 450 1400 482 nitidissimae
1419 455 1503 483 sunt.
1550 452 1696 484 Ceterum
1714 454 1820 485 icones
1836 457 1965 485 nostrae

117 506 337 546 inspiciantur,
362 507 417 537 sed
441 506 523 547 plica
546 509 641 537 antea
663 508 908 538 commemorata
931 517 950 537 a
972 506 1092 546 pictore
1114 506 1232 537 omissa
1255 509 1312 537 est.

270 561 437 593 Praeterea
460 561 495 592 A.
520 561 689 593 Adamsius
712 562 744 592 in
768 561 849 604 Ann.
881 561 943 592 and
974 561 1056 602 Mag.
1087 561 1160 592 Nat.
1192 561 1273 593 Hist.
1308 562 1397 593 1862.
1433 574 1503 603 pag.
1529 563 1600 594 225.
1625 563 1736 596 harum
1772 565 1963 596 concharum

116 627 227 648 novem
257 617 377 657 species
401 617 432 648 in
456 618 535 648 mari
564 617 718 658 Japonico
748 617 860 648 obvias
890 617 1065 657 descripsit.
1099 627 1209 649 omnes
1232 618 1272 649 ad
1295 617 1447 658 Myrteam
1480 618 1613 650 Turtoni
1644 620 1847 660 pertinentes,
1883 632 1964 661 quae

113 672 166 704 hic
188 675 374 713 sequuntur.

752 715 914 756 Myrtea
944 716 1071 756 gibba
1102 716 1138 748 A.
1170 716 1326 747 Adams.

269 758 466 790 Tsu-shima.

754 810 909 851 Myrtea
938 811 1170 843 reticulata
1200 811 1235 842 A.
1269 811 1333 842 Ad.

272 853 388 885 Portus
410 853 595 885 Hamiltoni.

752 904 910 946 Myrtea
941 906 1207 937 fimbriatula
1239 906 1274 936 A.
1307 905 1369 937 Ad.

272 947 490 979 Tabu-shima.

753 999 913 1040 Myrtea
944 1000 1163 1032 lamellata
1194 1001 1229 1031 A.
1263 1001 1327 1031 Ad.

270 1041 462 1074 Tsu-shima.

559 1135 574 1149 .
753 1093 909 1134 Myrtea
941 1095 1153 1135 plicatula
1183 1095 1218 1126 A.
1251 1095 1318 1127 Ad.

270 1145 463 1183 Tsu-shima,
487 1144 706 1177 Mino-shima.

753 1195 911 1237 Myrtea
940 1197 1115 1229 obesula
1146 1197 1182 1228 A.
1215 1196 1286 1238 Ad]

271 1238 491 1271 Tabu-shima.

755 1291 916 1332 Myrtea
945 1291 1175 1324 decussata
1205 1291 1240 1323 A.
1273 1291 1337 1323 Ad.

269 1334 494 1366 Tabu-shima.

754 1386 909 1426 Myrtea
939 1386 1151 1418 circinata
1182 1386 1216 1417 A.
1250 1386 1322 1417 Ad.

270 1429 486 1460 Mino—shima.

754 1481 910 1521 Myrtea
942 1480 1175 1512 delicatula
1206 1479 1241 1510 A.
1274 1479 1336 1511 Ad.

272 1523 402 1555 Fretum
427 1523 613 1555 Coreanum.

271 1578 318 1610 Ne
342 1590 406 1610 una
429 1579 556 1620 quidem
581 1591 688 1612 earum
711 1579 789 1611 mihi
812 1580 965 1611 innotuit.

777 1690 902 1725 Genus
925 1689 1147 1734 Cryptodon
1169 1690 1322 1724 Turton.

271 1768 334 1799 Cfr.
359 1768 393 1799 A.
418 1768 538 1800 Adams
560 1768 579 1800 l.
605 1780 630 1801 e.
655 1780 726 1810 pag.
752 1768 823 1800 227.
848 1769 904 1801 ubi
927 1769 986 1801 hae
1009 1772 1236 1801 enumerantur
1259 1768 1390 1809 species.
1425 1779 1506 1808 quae
1536 1768 1655 1808 pariter
1685 1768 1766 1800 inter
1794 1768 1968 1809 Conchylia

116 1826 225 1856 nostra
248 1824 404 1865 Japonica
430 1824 556 1855 desunt.

665 1879 907 1921 Cryptodon
937 1881 1171 1922 Japonicus
1201 1880 1236 1912 A.
1269 1881 1424 1912 Adams.

271 1922 410 1954 Okosiri.

666 1974 906 2016 Cryp†0(lon
937 1975 1231 2007 Manchuricus
1262 1975 1297 2007 A.
1330 1976 1488 2007 Adams.

274 2026 366 2057 Litus
389 2025 604 2058 Manchuriae.

665 2077 910 2119 Cryptodon
941 2079 1149 2119 oblongus
1180 2078 1215 2110 A.
1248 2079 1404 2110 Adams.

270 2120 490 2152 Mino—shima.

665 2171 904 2215 Cryptodon
937 2173 1124 2214 plicatus
1156 2173 1191 2204 A.
1223 2173 1379 2204 Adams.

272 2215 493 2247 Mino-shima.

666 2267 904 2308 Cryptodon
934 2267 1126 2298 sulcatus
1158 2267 1193 2297 A.
1226 2266 1382 2298 Adams.

270 2309 362 2342 Litus
385 2310 598 2342 Manchuriae.

665 2387 902 2428 Crypfodon
933 2386 1157 2428 (Clausina)
1189 2387 1500 2428 subquadratus
1531 2385 1566 2418 A.
1598 2386 1754 2419 Adams.

270 2456 361 2487 Litus
384 2455 598 2488 Manchuriae.

661 2532 902 2574 Cryptodon
934 2532 1160 2574 (Clausina)
1191 2533 1531 2566 suborbicularis
1562 2533 1598 2565 A.
1630 2532 1786 2565 Adams.

233 2620 237 2623 —
273 2600 370 2632 Sinus
394 2600 536 2632 Amivae.

271 2657 328 2688 His
353 2657 519 2698 speciebus
545 2657 744 2698 adjiciendus
768 2660 815 2689 est

188 2715 310 2749 Dunker,
329 2716 402 2742 Moll.
423 2716 481 2750 Jap.
502 2724 567 2742 mar.
1678 2709 1718 2739 28
