2379 3382
893 237 1130 267 —173—

773 321 903 353 Solen
937 330 1116 352 corneus
1150 322 1249 353 Lam.

284 396 371 423 Anim.
391 404 453 422 sans
473 399 540 422 vert.
561 396 610 422 vol.
635 398 657 422 ti.
678 404 739 430 pag.
760 397 800 423 5⁴1.
837 397 1021 422 Delessert
1046 397 1106 423 Rec.
1127 397 1192 423 Tab.
1213 397 1236 423 2.
1264 398 1308 430 fig.
1328 398 1351 424 2.
1390 398 1477 424 Phil.
1497 399 1564 425 Abi».
1591 399 1640 425 vol.
1661 399 1684 425 3.
1706 407 1768 433 pag.
1788 400 1829 425 44.
1867 399 1946 426 Solen

338 438 402 464 Tab.
422 438 445 465 2.
465 440 510 473 fig.
530 439 553 465 2.

235 497 417 538 Specimina
440 502 549 531 nostra
564 500 721 540 Japoniea
745 511 815 531 cum
835 500 982 531 iconibus
1005 511 1102 540 supra
1125 500 1232 531 citatis
1255 500 1350 541 plane
1374 502 1576 533 conveniunt..
1623 502 1719 534 Solen
1743 515 1877 535 corneus
1901 508 1949 536 est

77 555 198 595 species
222 553 286 585 late
309 554 460 595 dispersa,
485 566 566 596 (piae
590 556 622 586 in
646 555 766 587 insulis
790 555 994 595 Philippinis,
1018 555 1109 594 Java,
1135 556 1213 586 mari
1238 556 1334 586 rubro
1359 556 1493 597 aliisque
1518 557 1549 587 in
1573 559 1665 589 terris
1689 558 1828 590 obvenit.

235 618 316 649 Clar.
345 619 382 649 de
407 618 569 650 Schrenck
593 618 742 650 Solenem
766 620 916 650 strictum
952 618 1058 650 Gould
1090 619 1192 658 (ΡΙ-00.
1216 619 1304 650 Bost.
1336 619 1409 651 Nat.
1435 621 1516 651 Hist.
1542 621 1601 652 vol.
1626 622 1654 652 8.
1680 633 1750 662 pag.
1776 623 1825 653 26.
1873 623 1949 654 Otia

84 672 202 705 Coneh.
228 684 298 714 pag.
325 672 400 713 165)
425 673 487 704 huc
511 674 710 705 referendum
737 685 806 705 esse
829 675 1005 705 arbitratus
1028 676 1086 705 est.
1132 675 1179 705 De
1202 675 1262 705 hac
1286 675 1390 716 specie
1414 680 1498 707 certe
1522 677 1694 716 dijudicare
1718 689 1849 718 nequeo.

753 779 879 811 Solen
910 780 1073 811 Gouldii
1104 780 1270 811 Conrad.

829 855 895 881 Tab.
915 858 1009 881 nostra
1032 856 1070 882 16.
1090 856 1135 889 fig.
1157 857 1195 883 11.

286 907 375 933 Amer.
394 906 487 932 Journ.
507 906 534 932 of
551 906 648 932 Conch.
670 906 719 932 vol.
740 907 763 932 3.
788 907 854 940 App.
877 914 938 940 pag.
959 907 992 932 28
1010 915 1043 926 Ξ
1066 907 1142 933 Solo
1158 916 1173 933 n
1194 908 1349 941 gracilis
1370 908 1479 934 Gould
1508 917 1570 934 non
1596 909 1681 936 Phil.
1719 911 1771 936 cfr.
1798 910 1948 937 Lischke

335 948 395 983 Jap.
415 949 449 975 M.
470 948 567 974 Conch.
588 949 638 975 vol.
658 949 681 975 2.
702 957 764 982 pag.
787 949 844 975 123.

232 1018 260 1049 N
263 1018 406 1059 agasaki,
429 1019 599 1050 Hakodate
623 1018 738 1050 Gould.

234 1082 319 1114 Haec
342 1083 465 1123 species
488 1083 634 1123 insignis,
662 1085 818 1123 quantum
844 1083 922 1121 scio,
946 1083 1089 1114 nondum
1115 1083 1242 1124 depicta
1266 1086 1325 1122 est,
1349 1095 1444 1124 quam
1470 1085 1510 1116 ob
1534 1096 1599 1116 rem
1629 1087 1750 1117 iconem
1775 1086 1826 1118 hic
1850 1088 1946 1118 offero

76 1149 95 1169 a
119 1138 293 1179 specimine
317 1139 522 1179 integerrimo
545 1139 643 1170 maris
668 1138 838 1170 Chinensis
863 1139 1052 1170 desumtam.

232 1204 385 1241 Quamvis
409 1203 581 1244 descriptio
607 1202 789 1234 Gouldiana
812 1214 831 1234 a
852 1203 1011 1234 Lischkeo
1036 1203 1184 1243 repetita,
1209 1204 1356 1244 partibus
1379 1205 1529 1235 omnibus
1552 1216 1617 1235 non
1640 1205 1735 1246 plane
1757 1208 1947 1247 respondeat

75 1260 149 1291 huic
184 1259 359 1301 specimini,
393 1261 501 1290 tamen
536 1259 839 1290 determinationem
876 1261 996 1290 rectam
1033 1259 1146 1290 habeo.
1193 1259 1284 1296 Quod
1319 1260 1436 1291 attinet
1467 1260 1506 1291 ad
1539 1261 1774 1292 extremitatem
1807 1264 1946 1294 anticam

76 1317 204 1347 acutam
232 1316 362 1356 oblique
390 1317 573 1346 truncatam
603 1314 753 1346 Solenem
790 1314 1005 1346 Timorensem
1036 1314 1113 1345 Dkr.
1146 1314 1238 1354 (Nov.
1276 1314 1395 1346 Conch.
1428 1326 1499 1356 pag.
1532 1316 1561 1347 9.
1594 1316 1670 1347 Tab.
1704 1317 1732 1348 3.
1757 1317 1809 1357 fig.
1839 1318 1882 1358 2.)
1914 1319 1946 1350 in

76 1373 215 1402 mentem
240 1373 344 1409 vocat,
375 1371 430 1402 sed
455 1371 575 1411 species·
599 1371 637 1401 ‹le
661 1381 726 1411 qua
750 1370 801 1401 hic
825 1373 874 1401 est
905 1382 1018 1408 sermo,
1049 1370 1173 1401 sulculo
1204 1370 1355 1410 quamvis
1384 1371 1616 1412 angustissimo
1647 1374 1754 1403 tamen
1783 1374 1948 1414 perspicue

77 1437 226 1467 expresso
249 1427 432 1467 insignitur.
480 1426 611 1457 Ceterae
634 1426 848 1466 proprietates
872 1425 1013 1457 conchae
1036 1437 1076 1456 ex
1100 1425 1192 1456 icone
1214 1428 1328 1457 nostra.
1351 1427 1430 1457 satis
1454 1427 1590 1458 elucent.

231 1534 399 1565 Praeterea

750 1588 875 1620 Solen
909 1588 1093 1619 sicarius
1129 1587 1270 1619 Gould.

282 1666 357 1693 Proc.
377 1666 451 1693 Bost.
470 1665 535 1692 Nat.
556 1665 627 1692 Hist.
646 1665 697 1692 vol.
719 1665 742 1691 3.
763 1672 825 1698 pag.
845 1664 906 1691 214.
945 1664 994 1690 Un.
1017 1664 1056 1690 St.
1076 1664 1139 1697 Exp.
1161 1663 1178 1689 l.
1200 1664 1215 1690 l.
1253 1664 1319 1698 Exp.
1338 1672 1401 1698 pag.
1421 1665 1479 1691 387.
1500 1665 1564 1691 Tab.
1584 1665 1624 1692 33.
1644 1667 1689 1699 tig.
1710 1667 1766 1692 501.

74 1727 177 1760 litoris
213 1727 375 1759 Americae
398 1727 544 1765 borealis,
570 1727 667 1758 etiam
699 1726 731 1757 in
764 1726 842 1756 mari
866 1725 1023 1766 Japonico
1054 1725 1206 1756 obvenire
1237 1725 1362 1757 dicitur.
1409 1725 1616 1757 Forma-tione
1647 1727 1785 1758 cardinis
1816 1730 1848 1757 et
1877 1730 1947 1759 toto

73 1786 175 1816 testae
198 1783 313 1815 habitu
336 1783 415 1815 haec
439 1782 560 1823 species
583 1782 623 1814 ad
646 1792 749 1822 genus
773 1781 858 1822 quod
886 1781 1032 1822 sequitur
1055 1781 1205 1822 pertinet.

791 1908 916 1942 Genus
939 1907 1052 1941 Ensis
1075 1907 1222 1942 Schum.

548 1995 672 2027 Ensis
708 1995 1031 2026 Krusensternii
1067 1994 1275 2026 Schrenck
1312 1994 1470 2035 (Solen).

283 2073 380 2099 Reisen
399 2072 454 2098 und
472 2072 665 2105 Forschungen
685 2072 719 2097 ini
739 2070 905 2097 Amurlande
925 2071 976 2097 vol.
997 2070 1020 2097 2.
1041 2071 1112 2096 Zool.
1132 2078 1196 2104 pag.
1217 2071 1274 2097 594.
1295 2070 1360 2097 Tab.
1379 2071 1420 2097 25.
1440 2071 1485 2103 fig.
1505 2071 1598 2097 9—-12,

227 2133 336 2165 Insula
359 2132 530 2165 Sachalien
554 2135 586 2164 et
610 2132 700 2164 sinus
723 2142 821 2173 prope
845 2131 1016 2163 Hakodate
1040 2131 1241 2171 (Schrenck).

229 2198 316 2229 Haec
347 2197 467 2238 speeies
498 2196 669 2228 admodum
702 2196 866 2227 variabilis
898 2198 956 2233 est,
983 2198 1019 2227 ut
1042 2207 1059 2226 e
1083 2195 1299 2236 descriptione
1329 2198 1362 2227 et
1392 2195 1541 2227 iconibus
1574 2207 1670 2236 supra
1700 2195 1808 2227 citatis
1832 2196 1943 2227 elucet.

73 2252 240 2295 Specimen
267 2253 398 2285 unicum
421 2253 453 2284 in
479 2255 589 2284 nostra
612 2252 839 2283 Molluscorum
863 2251 1093 2291 Japonieorum
1118 2251 1307 2282 collectione
1336 2253 1454 2289 exstat,
1480 2254 1566 2282 certa
1597 2251 1725 2292 quidem
1750 2251 1946 2282 indicatione

73 2309 133 2341 loci
159 2309 277 2340 natalis
301 2319 425 2340 carens.

754 2421 880 2454 Genus
904 2418 1092 2455 Cultelliis
1115 2420 1261 2455 Schum.

697 2510 915 2542 Cultellus
950 2514 1193 2543 attenuatus
1228 2511 1317 2543 Dkr.

281 2580 356 2606 Proc.
375 2579 444 2606 Zool.
466 2579 523 2606 Soc.
546 2578 619 2605 1861.
640 2586 701 2612 pag.
721 2578 780 2605 422.
819 2578 885 2606 Nov.
908 2578 1006 2606 Conch.
1027 2587 1088 2613 pag.
1110 2579 1152 2606 72.
1172 2579 1236 2605 Tab.
1257 2579 1297 2605 24.
1317 2579 1362 2613 fig.
1382 2580 1405 2605 4.

228 2642 297 2673 Duo
324 2641 500 2682 specimina
522 2639 679 2680 Japoniea
701 2641 833 2671 exstant
860 2639 964 2679 majus
988 2642 1020 2671 et
1043 2640 1159 2671 minus.
1206 2639 1333 2671 Pariter
1357 2639 1396 2671 ad
1415 2639 1615 2680 Philippinas
1634 2639 1756 2670 insulas
1772 2639 1943 2670 invenitur.
