2379 3382
945 281 1155 312 —65—

134 365 289 406 distingui
311 376 412 406 posse,
438 366 621 406 praesertim
639 377 709 397 cum
728 365 874 397 Cassides
899 367 1074 406 generatim
1098 370 1258 407 spectatae
1281 369 1449 401 admodum
1474 371 1640 403 variabiles
1657 373 1729 404 sint.
1750 391 1786 396 —
1806 373 1972 414 Specimen

134 423 240 452 exstat
274 432 404 461 parvum
436 432 473 452 ac
504 422 713 461 ponderosum
750 421 911 453 Cassidem
946 422 1085 453 subur-on
1117 423 1223 464 aliquo
1256 425 1348 455 modo
1372 426 1403 456 in
1428 428 1562 458 mentem
1597 439 1755 460 revocans.
1802 430 1846 461 De
1869 430 1973 462 incola

133 475 275 508 Ca'ssidis
297 476 469 518 ‚Japonicae
492 477 547 507 cfr.
574 477 607 508 A.
633 476 749 508 Adams
774 477 805 508 in
830 476 910 508 Anu.
936 479 998 510 and
1021 478 1102 518 Mag.
1128 479 1198 510 Nat.
1224 479 1304 511 Hist.
1330 480 1402 520 Apr.
1431 482 1519 513 1862.
1544 494 1614 523 pag.
1639 483 1711 515 297.

777 562 918 602 Cassis
950 564 1205 595 coronulata
1235 564 1329 595 Sow.

340 629 498 656 'l'ankcrxz
519 630 577 657 Cat.
597 638 656 664 app.
676 638 736 664 pag.
757 630 796 656 20.
835 631 942 656 Hccvc
962 630 1057 656 Co‘nch.
1078 631 1143 658 icon.
1163 631 1212 658 vol.
1233 632 1255 658 5.
1275 640 1342 666 spec.
1355 633 1394 658 31.
1433 634 1546 659 Cassis
1565 635 1687 667 glauca
1704 636 1768 669 juv.
1791 636 1880 663 Kicn.
1903 637 1972 663 leon.

391 673 436 698 des
456 674 518 706 Coq.
538 673 588 700 νίν,

289 733 454 774 Specimen
478 733 616 765 unicum.

287 788 372 820 Haec
396 788 523 821 cochlea
542 789 608 829 jam
624 801 662 820 ex
679 789 774 829 longo
798 792 938 830 tempore
956 801 1010 830 pro
1028 790 1180 822 varietate
1204 790 1345 822 Cassidis
1369 792 1499 832 glaucae
1523 793 1703 833 (Cassideae
1726 795 1857 835 glaucae
1878 796 1972 837 Brug.

135 845 182 875 vel
206 844 417 876 Bezoardicae
440 845 580 885 vulgaris
604 844 746 885 Schum.)
771 845 882 876 habita
905 848 962 884 est,
987 846 1085 877 donec
1109 847 1181 877 clar.
1207 846 1356 887 sowerby
1380 849 1410 878 in
1435 848 1588 880 Tankorv.
1615 850 1681 881 Cat.
1708 862 1775 882 eam
1798 863 1852 892 pro
1870 853 1973 892 specie

134 900 257 931 diversa
273 903 305 932 et
320 901 459 941 genuina
482 901 609 932 nomine
633 900 773 932 Cassidis
797 902 998 932 coronulatae
1015 913 1033 932 a
1050 901 1179 933 Casside
1195 902 1307 942 glauca
1332 903 1482 943 (Buccino
1501 905 1611 945 glauco
1636 906 1779 946 Linnaei)
1804 909 1970 948 separavit.

288 956 311 986 E
335 967 450 996 magna
474 956 586 987 harum
610 958 765 987 testarum
782 957 869 994 serie,
895 957 1023 997 quaein
1041 957 1226 989 collectione
1250 961 1359 990 nostra
1383 962 1497 998 exstat,
1522 961 1655 1001 perspici
1680 964 1783 1001 potest
1806 965 1972 1004 utramque

134 1012 268 1052 speciem
304 1012 430 1052 quidem
466 1012 556 1043 valde
586 1011 713 1043 affinem
744 1023 821 1051 esse7
853 1012 1013 1044 Cass-idem
1046 1014 1263 1044 coronulatam
1298 1014 1455 1046 interdum
1490 1027 1615 1056 quoque
1649 1017 1779 1048 formam
1815 1019 1973 1058 turgidam

134 1067 275 1099 Cassidis
298 1067 429 1108 glaucae
452 1068 544 1108 plane
567 1068 742 1105 ostendere,
766 1068 865 1099 nihilo
887 1069 991 1099 minus
1015 1071 1120 1100 tamen
1146 1069 1250 1100 Cassis
1268 1071 1452 1101 coronulata
1468 1072 1569 1111 spinis
1585 1072 1779 1104 brevioribus
1796 1074 1894 1104 ternis
1911 1085 1972 1105 non

133 1124 307 1165 quaternis,
331 1124 448 1164 quibus
472 1124 579 1154 antica
601 1123 682 1154 labri
704 1135 778 1164 pars
801 1125 925 1155 munita
948 1128 1006 1163 est,
1030 1137 1167 1157 necnon
1185 1127 1316 1157 maculis
1333 1127 1457 1167 magnis
1481 1128 1596 1167 pallide
1618 1128 1715 1160 fuscis
1738 1129 1972 1169 subquadratis,

133 1181 165 1211 in
182 1181 278 1212 series
301 1179 456 1211 ordinatis
471 1191 490 1210 a
508 1178 636 1210 Casside
653 1179 766 1219 glauca
782 1182 966 1211 constanter
989 1181 1111 1213 differre
1134 1182 1267 1213 videtur.
1292 1201 1331 1204 —
1356 1184 1545 1223 (spei-culum
1569 1195 1717 1215 corneum
1733 1195 1864 1224 parvum
1880 1188 1975 1217 tenue

132 1238 164 1267 et
194 1237 366 1276 angustum
400 1235 575 1276 generatim
608 1237 785 1275 spectatum
821 1236 967 1276 operculo
1002 1236 1141 1268 Cassidis
1174 1238 1303 1278 glaucae
1336 1239 1529 1270 simillimum
1563 1242 1619 1270 est.

285 1291 470 1332 Nuperrime
486 1290 564 1328 haec
582 1290 709 1322 cochlea
725 1291 821 1322 etiam
838 1303 876 1322 ex
894 1292 1007 1323 insulis
1024 1293 1147 1325 Samois
1163 1293 1261 1324 allata
1277 1296 1334 1325 est.
1373 1294 1487 1335 Japani
1504 1306 1572 1326 eam
1593 1295 1666 1336 „Ibo
1682 1295 1776 1327 hora“
1798 1297 1972 1328 nominant.

667 1376 804 1408 Cassis
834 1377 1012 1417 strigata
1043 1377 1160 1408 Gmel.
1193 1378 1451 1419 (BuccinumJ).

338 1446 408 1477 Syst.
429 1443 491 1470 Nat.
512 1443 551 1470 ed.
575 1444 613 1470 13.
633 1452 694 1478 pag.
713 1444 787 1470 3477.
825 1444 951 1470 Chemn.
977 1444 1073 1471 (Yonch.
1098 1445 1160 1471 Cab.
1186 1445 1237 1471 vol.
1260 1446 1297 1472 10.
1318 1448 1361 1479 fig.
1385 1447 1456 1473 1457.
1479 1447 1550 1474 1458.
1571 1458 1602 1469 Ξ
1622 1448 1734 1474 cassis
1759 1448 1863 1475 'hebra
1887 1449 1971 1474 Lam.

388 1488 467 1513 anim.
487 1495 548 1512 sans
568 1490 633 1513 vert.
655 1488 704 1513 vol.
726 1488 764 1513 10.
785 1496 844 1521 pag.
865 1487 904 1514 28.
925 1487 1000 1521 (rous.
1022 1488 1104 1521 nota).
1124 1500 1157 1510 Ξ
1177 1489 1344 1515 Cassidea
1372 1490 1482 1516 areola
1511 1491 1608 1524 Brug.
1632 1500 1682 1517 non
1709 1492 1888 1518 Buccinum
1908 1500 1974 1517 are-

387 1530 442 1556 ola
466 1530 544 1563 Lin.)

286 1592 465 1632 Specimina
483 1592 578 1623 huius
598 1592 743 1623 cochleae
763 1591 889 1632 juniora
906 1593 1010 1624 sulcos
1027 1596 1224 1625 transversos
1242 1594 1312 1634 plus
1329 1596 1472 1627 minusve
1495 1607 1660 1636 expressos
1680 1598 1844 1630 ostendere
1860 1599 1973 1639 solent,

132 1649 186 1690 qui
209 1647 289 1679 sulci
314 1650 418 1680 aetate
451 1649 645 1688 provectiore
680 1649 796 1680 sensim
832 1652 1034 1687 evanescunt,
1059 1650 1103 1680 ita
1127 1652 1163 1681 ut
1186 1650 1217 1681 in
1242 1652 1330 1690 parte
1353 1654 1455 1682 testae
1490 1654 1646 1684 anteriore
1677 1655 1897 1687 tantummodo
1921 1667 1975 1696 ap-

132 1706 264 1746 pareant
280 1715 343 1745 qua
360 1705 398 1735 de
422 1715 517 1736 causa
539 1704 668 1736 cochlea
691 1705 800 1736 adulta
823 1705 949 1746 saepius
972 1707 1042 1737 tota
1064 1716 1164 1746 paene
1195 1706 1352 1746 laevigata
1375 1711 1424 1739 est
1447 1710 1579 1748 excepta
1602 1709 1727 1749 quidem
1751 1710 1835 1751 spira
1863 1711 1974 1744 decus-

131 1763 202 1793 sata
224 1764 255 1792 et
280 1760 384 1792 fronte.
407 1761 538 1792 sulcata.
585 1761 677 1792 Hunc
701 1763 820 1792 statum
843 1761 989 1793 adultum
1012 1762 1131 1803 optime
1149 1763 1215 1803 jam
1238 1763 1410 1803 pinxerunt
1434 1764 1610 1806 Rumphius
1634 1766 1664 1797 in
1689 1766 1789 1798 Musei
1816 1767 1891 1799 Tab.
1921 1768 1969 1799 25.

131 1827 182 1848 no.
207 1816 235 1847 2.
262 1819 294 1848 et
317 1816 537 1848 Chemnitzius
560 1818 592 1848 in
617 1817 734 1848 Conch.
759 1816 834 1849 Cab.
853 1818 912 1848 vol.
934 1818 980 1848 10.
998 1819 1049 1858 fig.
1078 1819 1168 1850 1457.
1197 1819 1286 1850 1458.
1334 1819 1479 1851 Ceterum
1504 1821 1705 1853 conferantur
1727 1823 1862 1855 Lischke
1885 1823 1972 1855 Moll.

129 1872 201 1913 Jap.
226 1873 286 1904 vol.
310 1873 339 1904 3.
364 1883 434 1914 pag.
459 1872 509 1904 43.
1951 1913 1956 1918 ¹

284 1929 370 1960 Inter
392 1929 483 1969 plura
505 1928 679 1969 specimina
701 1929 855 1970 Japonica
880 1941 978 1961 unum
995 1933 1102 1962 exstat
1123 1931 1287 1963 varietatis
1309 1932 1498 1971 tumidioris,
1515 1943 1596 1973 quae
1611 1936 1680 1966 toto
1697 1936 1842 1967 anfractu
1860 1936 1972 1969 ultimo

129 1985 335 2016 transversim
361 1984 591 2025 confertimque
614 1985 737 2016 sulcata
760 1988 817 2017 est.

705 2071 845 2103 Cassis
876 2072 997 2103 vibex
1027 2072 1111 2103 Lin.
1144 2072 1401 2113 (Buccinum).

335 2139 405 2171 Syst.
426 2138 489 2164 Nat.
508 2138 548 2165 ed.
570 2139 608 2165 10.
628 2147 688 2172 pag.
710 2139 765 2165 737.
786 2139 852 2166 Mus.
875 2139 940 2166 Lud.
961 2141 1015 2166 Ulr.
1036 2148 1095 2174 pag.
1116 2141 1173 2167 606.

286 2198 423 2230 Cochlea
459 2199 716 2240 frequentissima
750 2201 899 2232 omnibus
930 2203 1006 2232 nota
1036 2202 1256 2242 magnitudine
1291 2202 1460 2234 admodum
1495 2204 1664 2237 variabilis.
1710 2205 1834 2247 Duplex
1867 2210 1972 2240 exstat

130 2254 269 2286 eiusdem
302 2255 440 2287 varietas
475 2255 639 2296 primaria:
677 2256 778 2288 maior
805 2258 877 2288 tota
906 2257 1012 2296 laevis,
1043 2258 1145 2289 minor
1175 2260 1260 2289 testa
1290 2259 1391 2291 multo
1427 2260 1578 2292 crassiore
1611 2262 1805 2294 anfractibus
1839 2274 1973 2304 superne

129 2310 391 2351 nodoso-plicatis
425 2312 591 2350 instructa,
625 2323 706 2352 quae
730 2314 778 2344 est
801 2312 975 2344 Buccinum
1010 2313 1182 2345 Erinaceus
1204 2314 1346 2346 Linnaei.
1393 2315 1565 2357 Utramque
1596 2318 1781 2350 varietatem
1802 2318 1867 2359 jam
1891 2319 1973 2352 bene

123 2365 299 2397 delineavit
322 2366 500 2408 Rumphius
522 2366 603 2399 Mus.
628 2367 705 2399 Tab.
729 2367 779 2399 25.
803 2368 877 2409 figg.
902 2369 930 2400 7.
955 2369 983 2400 8.
1008 2370 1037 2401 9.

282 2421 378 2454 Plura
400 2422 574 2463 specimina
596 2424 723 2455 adsunt.

285 2477 401 2518 Japani
424 2478 507 2510 hanc
530 2479 690 2511 cochleam
715 2479 811 2520 „Ame
834 2480 904 2521 gai⁴⁴
932 2482 1107 2514 nominant.

840 2566 980 2599 cassis
1011 2568 1139 2608 pirum
1170 2568 1268 2601 Lam.

335 2628 421 2654 Anim.
441 2636 502 2654 sans
522 2630 589 2656 vert.
608 2628 648 2656 ed.
668 2629 715 2656 alt.
736 2630 785 2657 vol.
807 2630 845 2657 10.
865 2639 926 2665 pag.
946 2631 986 2658 33.
1006 2643 1039 2654 z
1058 2632 1169 2659 Cassis
1194 2634 1374 2667 Zeylonica
1396 2635 1474 2662 Lam.
1512 2635 1618 2662 Reeve
1638 2636 1733 2663 Conch.
1754 2636 1818 2663 icon.
1840 2644 1908 2670 spec.
1930 2636 1969 2663 29.

282 2682 411 2725 Species
435 2685 535 2717 forma
559 2688 590 2718 et
613 2687 823 2719 crassitudine
846 2689 1016 2721 admodum
1040 2690 1211 2723 variabilis.

207 2747 325 2781 Dunker,
344 2747 416 2775 Moll.
435 2748 495 2783 Jap.
515 2757 579 2776 mar.
1689 2749 1708 2779 9
