2379 3382
956 244 1191 275 -257-

1001 326 1070 360 Pag.
1089 328 1130 353 56.

294 384 414 416 Erato
438 385 616 416 lacrima
639 384 724 427 Gray
746 385 843 427 (Sow.
867 386 960 418 Thes.
986 385 1105 418 Conch.
1131 388 1192 419 vol.
1217 388 1247 420 3.
1272 400 1343 430 pag.
1363 390 1414 421 82.
1439 390 1517 422 Tab.
1535 391 1607 423 219.
1626 393 1678 432 fig.
1695 393 1724 423 4.
1744 393 1773 424 5.
1790 392 1834 433 6.)
1853 393 2000 425 addenda

136 442 195 478 est,
219 440 337 481 pariter
360 439 392 471 in
415 440 495 471 mari
517 439 674 480 Japonico
697 440 801 473 obvia.

1009 496 1076 530 Pag.
1096 497 1135 524 78.

769 555 1019 604 Turbonilla
1049 557 1243 589 varicosa
1271 558 1360 589 Dkr.

292 622 366 654 Jam
389 625 485 654 antea
509 623 545 654 A.
570 622 742 655 Adamsius
774 624 912 664 speciem
943 624 1105 664 quandam
1136 625 1182 655 sic
1211 626 1390 657 nominavit
1415 625 1505 666 (Gen.
1531 626 1566 657 of
1586 638 1646 658 rec.
1671 627 1756 659 Moll.
1782 627 1842 659 vol.
1871 628 1898 658 1.
1924 638 1995 668 pag.

136 676 224 717 231),
249 678 334 718 quod
357 679 536 710 omiseram.
583 679 670 710 Haec
692 679 813 719 species
836 679 915 710 mihi
938 679 1059 719 ignota,
1083 679 1219 711 fortasse
1243 691 1314 711 cum
1332 682 1442 712 nostra
1459 682 1619 721 convenit,
1636 693 1708 714 cum
1725 683 1807 714 inter
1824 683 1998 723 permultas

135 733 232 765 huius
255 734 382 775 generis
404 734 526 776 species
549 736 684 775 excepta
706 734 803 766 hacce
826 735 946 766 nullam
970 735 1113 766 noverim
1136 735 1297 766 varicibus
1321 736 1520 768 instructam.

1007 840 1074 873 Pag.
1094 840 1134 866 86.

291 900 418 931 Ebala
451 901 643 941 virginea
669 900 704 931 A.
729 900 873 931 Adams
905 910 960 941 per
983 911 1119 931 errorem
1142 900 1192 932 bis
1217 903 1402 932 enumerata
1425 903 1483 933 est.

1004 1006 1074 1040 rag.
1093 1006 1135 1032 92.

791 1073 928 1106 Conus
962 1075 1193 1116 Japonicus
1229 1075 1345 1115 Brug.

342 1143 403 1168 Eue.
424 1142 506 1168 Meth.
526 1150 567 1168 no.
590 1142 645 1169 104.
682 1141 767 1168 Lam.
788 1142 868 1168 anim.
887 1150 950 1168 sans
968 1144 1035 1169 vert.
1055 1142 1106 1168 vol.
1129 1143 1166 1168 11.
1187 1149 1247 1175 pag.
1267 1141 1307 1168 89.

291 1203 376 1234 Haec
398 1203 518 1244 species
542 1203 621 1235 mihi
644 1204 756 1245 ignota
779 1205 836 1235 est.

291 1266 372 1299 Clar.
398 1266 551 1308 Sowerby
584 1268 734 1308 opinatur
768 1267 893 1299 Conum
925 1267 1119 1308 Largillierti
1142 1266 1232 1298 Kien.
1257 1266 1319 1298 huc
1343 1267 1509 1306 pertinere.
1557 1266 1646 1298 Conf.
1671 1266 1764 1298 Thes.
1790 1266 1908 1299 Conch.
1934 1268 1993 1298 vol.

133 1323 162 1355 3.
188 1334 259 1364 pag.
286 1323 334 1353 14.

1005 1377 1073 1410 Pag.
1092 1377 1134 1402 95.

730 1446 952 1478 Strombus
986 1446 1169 1478 vittatus
1202 1445 1287 1476 Lin.
1324 1456 1401 1476 var.

288 1514 441 1555 Tempore
476 1514 650 1546 novissimo
685 1515 845 1554 specimen
878 1514 973 1546 huius
1007 1513 1156 1545 cochleae
1190 1513 1295 1544 denuo
1329 1513 1437 1553 accepi
1476 1513 1634 1553 prioribus
1672 1513 1766 1553 plane
1804 1523 1992 1552 congruens.

131 1569 379 1611 Comparatione
409 1570 596 1611 specierum,
626 1580 708 1610 quae
738 1569 889 1602 Strombo
927 1570 1044 1601 vittato
1078 1570 1234 1609 cognatae
1257 1570 1343 1606 sunt,
1374 1568 1490 1599 iterum
1514 1568 1610 1607 facta,
1634 1567 1772 1609 speciem
1795 1567 1995 1599 Reeveanam

132 1637 218 1659 nunc
242 1625 423 1667 comprobo.

1003 1679 1069 1711 rag.
1089 1679 1131 1704 99.

805 1748 990 1789 Cypraea
1024 1758 1198 1779 erronea
1232 1747 1319 1778 Lin.

287 1819 324 1849 In
355 1818 432 1850 locis
464 1818 573 1849 citatis
608 1827 777 1849 errones
808 1817 943 1857 legitur,
975 1816 1061 1857 quod
1088 1816 1222 1847 verbum
1250 1815 1329 1847 vitio
1356 1813 1586 1856 typographico
1620 1816 1726 1845 ortum
1759 1823 1828 1845 csse
1860 1812 1994 1844 videtur.

131 1874 295 1915 Ejusmodi
318 1884 439 1906 errores
462 1874 496 1905 in
519 1873 670 1914 operibus
693 1873 827 1904 Linnaei
850 1873 980 1914 saepius
1003 1871 1191 1903 obveniunt.

994 1973 1062 2006 Pag.
1082 1973 1139 1999 106.

738 2042 970 2075 Gerithium
1004 2042 1256 2074 Guinaicum
1291 2041 1387 2072 Phil.

286 2112 469 2154 Specimina
492 2113 587 2144 huius
611 2112 760 2144 cochleae
782 2123 801 2143 a
823 2112 897 2143 clar.
920 2111 957 2142 R.
983 2110 1090 2142 Greeff
1110 2110 1143 2141 in
1167 2110 1240 2141 sinu
1264 2109 1438 2141 Guineensi
1462 2109 1553 2146 lecta,
1578 2107 1657 2138 satis
1673 2107 1799 2138 variant
1817 2106 1991 2146 sculptura.

132 2168 303 2200 Anfractus
328 2168 409 2200 infra
432 2171 577 2201 suturam
600 2169 760 2200 interdum
783 2168 838 2199 vix
862 2167 1026 2205 coarctati,
1051 2167 1237 2207 plerumque
1261 2165 1360 2196 fascia
1384 2165 1458 2196 alba
1481 2164 1547 2195 lata
1571 2163 1752 2203 cinguntur.

990 2271 1135 2305 Pag.108.

798 2342 1001 2382 Vei-tagus
1036 2340 1211 2372 Pfefferi
1243 2340 1331 2372 Dkr.

287 2413 335 2443 Ad
362 2412 445 2444 hanc
473 2413 611 2453 speciem
642 2413 797 2443 annotare
827 2410 901 2442 licet
929 2411 1002 2442 clar.
1027 2409 1061 2441 E.
1087 2409 1122 2440 A.
1148 2408 1256 2441 Smith
1279 2409 1312 2439 in
1336 2407 1425 2438 Proc.
1450 2406 1484 2437 of
1506 2406 1561 2437 the
1583 2405 1670 2437 Zool.
1695 2404 1766 2436 Soc.
1794 2404 1886 2436 1878.
1922 2415 1993 2445 pag.

129 2469 201 2499 817.
226 2467 387 2500 cochleam
411 2468 539 2499 nomine
563 2467 696 2498 Cerithii
719 2466 826 2498 turriti
850 2465 934 2498 Sow.
958 2466 1203 2503 enumeravisse,
1232 2474 1315 2505 quae
1343 2464 1468 2494 statura
1498 2461 1665 2501 paululum
1695 2460 1818 2491 minore
1850 2462 1993 2500 excepta,

129 2535 202 2557 cum
225 2525 329 2566 specie
352 2525 462 2555 nostra
485 2523 580 2563 plane
603 2522 763 2555 convenit.
809 2521 873 2554 Sed
895 2522 967 2553 icon
991 2521 1209 2561 Sowerbyana
1233 2519 1338 2561 (Thes.
1364 2518 1482 2550 Conch.
1507 2517 1567 2548 vol.
1593 2517 1621 2547 2.
1647 2516 1724 2547 Tab.
1746 2516 1815 2547 180.
1833 2516 1886 2556 fig.
1907 2515 1993 2554 101.)

129 2580 329 2612 anfractibus
363 2580 515 2611 convexis
548 2581 683 2618 totoque
716 2578 830 2610 habitu
861 2589 880 2609 a
902 2580 1013 2609 nostra
1041 2576 1171 2609 cochlea
1201 2576 1360 2615 discrepat
1391 2575 1423 2605 et
1454 2572 1605 2604 Cerithiis
1636 2582 1732 2603 sensu
1761 2571 1920 2603 strictiore
1945 2571 1993 2602 in-

125 2637 289 2679 jungenda
314 2639 371 2668 est.

200 2699 318 2732 Dunkcr,
337 2699 411 2726 Moll.
431 2698 491 2732 Jap.
511 2705 576 2724 mar.
1690 2683 1730 2713 33
