2317 3387
1158 262 1395 293 -250—

504 350 529 380 E
554 349 632 380 mari
657 348 812 388 Japonico
836 359 935 378 unum
961 349 1069 378 exstat
1091 346 1253 387 exemplar
1270 357 1370 387 paene
1386 345 1593 377 rotundatum
1613 345 1710 376 costis
1726 344 1927 376 radiantibus
1944 343 2068 376 obtusis
2085 345 2205 376 subim-

347 405 478 436 bricatis
502 405 703 435 instructum.
751 403 848 433 Valva
873 402 996 442 planior
1029 404 1164 441 utroque
1187 401 1336 432 umbonis
1359 401 1456 432 latere
1488 400 1630 440 squamis
1660 399 1820 431 tubulosis
1843 399 1979 439 insignis
2003 401 2058 431 est.
2112 399 2205 431 Color

348 463 380 492 in
404 471 441 491 eo
466 471 528 491 non
555 459 689 490 obscure
713 458 875 489 coeruleus
899 459 935 488 ut
959 457 1048 492 solet,
1075 456 1129 487 sed
1153 456 1242 487 rufus
1267 458 1298 487 et
1321 456 1434 496 gilvus.

1011 579 1157 610 Ostrea
1187 579 1401 610 cucullata
1432 578 1543 610 Born.

559 660 632 686 Tost.
652 660 718 686 Mus.
739 660 813 685 Caes.
834 658 911 684 Vind.
932 666 993 692 pag.
1015 659 1070 684 114.
1091 657 1155 684 Tab.
1176 659 1199 684 6.
1219 658 1263 691 fig.
1286 659 1324 684 11.
1347 658 1384 684 12.

505 733 641 764 Boruius
665 732 747 763 hanc
771 732 916 763 ostream
940 731 1026 762 hisce
1049 731 1154 762 verbis
1178 731 1364 762 adumbrat:

507 788 603 819 Testa
619 786 884 827 inaequivalvi*)‚
908 786 1171 826 plicato-rugosa,
1195 786 1337 825 margine
1361 785 1503 823 dentato,
1527 785 1616 816 intus
1640 785 1763 823 striato.
1789 785 1880 816 valva
1896 784 2014 824 majore
2037 783 2205 815 cucullata.

351 843 446 875 Testa
469 843 571 874 solida
594 843 781 883 ponderosa,
806 842 897 882 plicis
920 841 1209 881 longitudinalibus
1227 841 1377 881 rugisque
1394 840 1602 879 transversis3
1626 841 1736 872 valvae
1755 840 1948 880 inaequales.
1972 839 2071 871 altera
2086 839 2207 871 minore

352 898 459 938 plana,
484 898 586 929 altera
609 897 769 929 cucullata
793 896 878 935 rudi·.
903 907 983 936 apex
1008 898 1181 936 porrectus,
1205 896 1328 936 postice
1351 896 1628 936 longitudinaliter
1652 898 1773 934 sectus3
1797 906 1905 936 margo
1929 896 2078 936 utrinque
2095 895 2208 926 obtuse

351 954 518 986 dentatus:
542 953 660 984 limbus
684 953 770 983 striis
794 951 991 983 distantibus
1016 951 1147 982 elevatis
1171 952 1320 991 geminisg
1351 951 1435 982 color
1461 954 1554 982 extus
1578 951 1836 982 atro-violaceus.

507 1009 592 1039 Haec
615 1007 711 1039 verba
736 1010 766 1038 et
791 1008 897 1038 icones
921 1017 1017 1046 supra
1040 1007 1157 1037 citatae
1180 1007 1354 1047 generatim
1384 1018 1421 1038 ac
1449 1007 1595 1038 universe
1628 1007 1660 1037 in
1693 1005 1868 1046 specimina
1899 1008 2008 1037 nostra
2039 1004 2208 1045 quadrant,

352 1075 433 1105 quae
456 1064 584 1105 quidem
607 1064 731 1094 minora
753 1066 837 1094 sunt.

506 1118 620 1150 Ostrea
651 1129 748 1150 cornu
779 1118 890 1158 copiae
921 1117 1052 1148 Chemn.
1078 1116 1209 1158 (Conch.
1235 1116 1311 1148 Cab.
1336 1117 1397 1149 vol.
1423 1118 1451 1148 8.
1475 1128 1547 1158 pag.
1571 1117 1622 1148 42.
1647 1116 1723 1148 Tab.
1751 1116 1800 1147 72.
1825 1116 1877 1156 fig.
1907 1116 1982 1153 679)
2014 1115 2082 1147 sine
2112 1113 2210 1146 dubio

353 1175 461 1206 eadem
486 1177 533 1205 est
556 1174 677 1214 species
701 1175 737 1204 ut
761 1172 980 1204 Chemnitzius
1011 1173 1077 1213 ipse
1108 1172 1256 1210 affirmat,
1287 1173 1386 1204 nihilo
1418 1173 1523 1203 minus
1552 1175 1660 1204 tamen
1694 1171 1985 1203 denominationem
2016 1170 2207 1202 Bornianam

353 1230 499 1261 mutavit.
546 1229 588 1261 Ut
611 1240 682 1260 mea
705 1228 765 1259 fert
793 1228 900 1268 opinio
939 1227 1054 1259 Ostrea
1088 1218 1245 1259 Forskz‘ilii
1270 1227 1400 1259 Chemn.
1425 1227 1544 1259 Conch.
1568 1227 1644 1258 Cab.
1670 1227 1731 1258 vol.
1756 1227 1785 1257 8.
1809 1237 1881 1267 pag.
1906 1226 1955 1258 30.
1981 1225 2057 1256 Tab.
2083 1225 2131 1256 72.
2155 1225 2208 1265 fig.

352 1285 399 1315 lit.
424 1297 451 1316 a.
477 1287 509 1316 et
532 1285 561 1315 b.
586 1284 704 1325 pariter
727 1283 789 1315 huc
812 1283 976 1314 referenda
1000 1285 1056 1320 est,
1088 1283 1142 1314 sed
1173 1284 1294 1323 speeies
1325 1282 1443 1314 fossilis
1467 1283 1486 1313 l.
1511 1283 1530 1314 l.
1555 1284 1809 1318 commemorata,
1839 1292 1857 1312 a
1880 1282 1974 1313 beato
2006 1273 2139 1312 For-skal
2170 1290 2210 1311 ex

355 1342 498 1380 Aegypto
522 1339 671 1371 Hafniam
694 1339 855 1379 quondam
879 1338 987 1372 missa,
1011 1337 1072 1368 huc
1096 1348 1159 1369 non
1184 1339 1331 1379 pertinet.

1019 1461 1167 1492 Ostrea
1197 1461 1420 1491 imbricata
1450 1460 1551 1491 Lam.

560 1541 647 1567 Anim.
672 1548 734 1566 sans
761 1542 827 1566 vert.
852 1539 891 1565 ed.
912 1540 960 1565 alt.
984 1540 1034 1566 vol.
1054 1542 1076 1567 7.
1105 1548 1167 1574 pag.
1187 1539 1245 1566 235.
1283 1539 1440 1573 Rumphii
1467 1540 1533 1566 Mus.
1559 1538 1624 1565 Tab.
1643 1539 1684 1564 47.
1710 1538 1754 1571 fig.
1775 1538 1803 1564 C.
1831 1538 1900 1571 (icon
1927 1537 2034 1570 quidem
2060 1536 2143 1568 rudis,
2166 1536 2210 1562 sed

622 1584 730 1617 propria
749 1586 776 1608 et
796 1582 862 1608 benc
882 1583 1026 1616 expressa).

512 1656 713 1697 Exemplaria
734 1656 861 1696 juniora
884 1658 1022 1687 exstant.

510 1712 595 1743 Haec
619 1712 739 1752 species
763 1713 841 1744 satis
866 1712 1013 1752 frequens
1037 1722 1053 1741 e
1076 1711 1154 1742 mari
1180 1710 1308 1742 Sinensi
1337 1710 1522 1750 praesertim
1547 1709 1685 1750 cognita,
1717 1708 1848 1740 minime
1879 1719 1950 1740 cum
1982 1707 2094 1740 Ostrea
2124 1707 2214 1749 hyoti

359 1768 492 1798 Linnaei
513 1767 677 1807 jungenda
701 1769 758 1806 est,
782 1770 818 1798 ut
845 1767 1057 1806 Deshayesius
1081 1767 1240 1806 opinatur.
1287 1765 1426 1796 Multum
1451 1764 1558 1797 differt
1581 1766 1742 1796 structura
1765 1766 1797 1796 et
1822 1764 1934 1795 colore.

1027 1890 1169 1921 Ostrea
1199 1889 1368 1920 arborea
1397 1887 1552 1919 Chemn.

566 1971 662 1996 (¹011cb.
683 1970 748 1997 Cab.
769 1970 818 1996 vol.
839 1971 862 1996 S.
882 1978 943 2004 pag.
964 1971 1004 1996 46,
1025 1969 1089 1996 Tab.
1111 1970 1150 1995 74.
1170 1970 1214 2002 fig.
1231 1969 1288 1995 681.
1329 1968 1470 1999 „Ostrea
1489 1967 1661 1994 rivularis
1680 1967 1807 1993 Gou1d“
1829 1966 1977 1992 Lischke
1997 1965 2213 2000 Jap.31.C0nc11.

617 2014 666 2039 vol.
686 2013 709 2038 3.
730 2021 792 2046 pag.
814 2013 868 2038 17⁴³.
890 2012 954 2038 Tab.
977 2013 1014 2039 14.
1035 2013 1079 2045 fig.
1099 2012 1122 2038 2.
1142 2012 1165 2038 3.

514 2086 680 2127 Specimen
702 2086 812 2126 junius
836 2088 942 2117 exstat
965 2096 1062 2126 prope
1085 2085 1249 2124 Nagasaki
1273 2085 1401 2122 lectum,
1425 2084 1534 2124 strigis
1558 2083 1759 2115 radiantibus
1783 2083 2010 2123 irregularibus
2043 2083 2217 2114 fusco-vio-

361 2142 455 2173 laceis
486 2142 621 2181 pictum:
654 2142 811 2182 specimen
852 2141 986 2172 alterum
1019 2140 1163 2171 adultum
1196 2152 1214 2171 a
1244 2140 1317 2171 clar.
1348 2140 1484 2171 Lischke
1515 2140 1533 2171 1.
1566 2150 1591 2171 c.
1624 2139 1784 2180 depictum
1814 2142 1872 2170 est.
1927 2138 2033 2179 (Color
2063 2139 2095 2169 in
2125 2138 2216 2169 icone

361 2197 455 2228 nimis
477 2196 626 2236 vividus.)

515 2252 600 2282 Haec
623 2252 744 2292 species
768 2251 952 2292 plerumque
975 2250 1071 2290 lignis
1094 2249 1327 2281 fluctuantibus
1351 2250 1478 2288 adnata,
1511 2261 1529 2281 a
1553 2250 1741 2282 Lamarckio
1765 2250 1873 2290 (anim.
1898 2261 1973 2281 sans
1997 2252 2073 2280 vert.
2102 2249 2162 2281 vol.
2187 2249 2215 2280 7.

362 2318 431 2347 pag.
456 2306 542 2346 224.)
567 2317 637 2337 cum
667 2306 780 2337 Ostrea
811 2306 982 2346 parasitica
1010 2305 1111 2337 Gmel.
1142 2305 1289 2345 jungitur
1321 2305 1412 2345 siguo
1444 2305 1572 2346 quidem
1603 2305 1873 2345 interrogationis.
1926 2304 2040 2336 Ostrea
2070 2305 2217 2337 rivularis

362 2362 490 2393 Gouldii
524 2362 644 2402 species
680 2361 755 2392 mihi
790 2364 838 2392 est.
875 2360 1045 2392 admodum
1077 2360 1184 2397 dubia⁷
1214 2370 1287 2400 ergo
1320 2360 1472 2392 concham
1504 2363 1645 2392 nostram
1679 2361 1720 2392 ad
1751 2360 1896 2392 Ostream
1920 2360 2083 2392 arboream
2107 2360 2218 2399 refero,

363 2428 443 2457 quae
467 2418 546 2448 satis
571 2417 759 2456 respondere
783 2416 860 2447 mihi
882 2416 1016 2447 videtur.

519 2552 544 2584 *)
566 2552 663 2576 Omnes
683 2550 795 2576 ostreae
815 2554 876 2576 sun!
898 2551 1106 2583 inacquivalves,
